2964 5002
165 358 204 421 60
544 378 585 418 na
610 377 695 418 mats
720 374 931 418 rnnvsrnmvs

165 525 306 588 instituit
326 533 421 611 prout
443 523 560 587 liberet
582 522 724 609 quidque
749 532 790 586 et·
807 522 888 585 nihil
911 523 943 585 in
967 523 1113 587 ordinem
1138 521 1311 610 arripiens.

164 637 200 690 ut
229 649 269 688 nc
304 626 379 712 quiri
410 628 565 709 impetum
594 635 774 688 moraretur
807 624 966 709 quaedam
994 623 1178 710 inperfecta
1207 633 1344 685 trans-⁵
1377 624 1381 631 '

166 730 253 790 misit
287 729 352 789 alia
380 727 554 789 leuissimis
581 724 692 790 uerbis
725 723 828 789 ueluti
863 725 972 806 fuisit,
1007 747 1091 809 qnae
1119 747 1177 810 per
1204 725 1310 787 iocum

166 930 288 995 solidae
329 929 498 993 columnae
538 928 743 991 aduenirent.
793 927 943 991 bucolica
979 928 1121 991 triennio
1154 927 1333 1010 georgieas

167 1031 230 1093 Vll
257 1030 404 1093 Aeneida
433 1029 484 1092 XI
513 1030 651 1114 perfecit
679 1031 783 1091 annis.
825 1027 976 1092 bucolica
1003 1051 1041 1092 eo
1067 1049 1222 1092 successu
1244 1026 1310 1090 edi-

167 1133 230 1212 dit,
259 1134 349 1195 utin
374 1153 472 1194 scena
495 1153 622 1218 quoque
655 1154 713 1216 per
739 1141 889 1194 cantores
916 1129 1031 1193 crebro
1060 1130 1310 1217 pronuntiaren-
1366 1168 1375 1185 .

167 1271 276 1320 solitum
296 1271 401 1331 ierunt,
430 1286 527 1334 parere
547 1286 576 1319 se
595 1285 690 1318 uersus
709 1285 782 1318 more
808 1275 890 1333 atque
908 1270 962 1317 ritu
982 1269 1083 1318 ursino.
1120 1283 1184 1316 narn
1208 1271 1239 1314 ut
1262 1264 1311 1314 illa

167 1339 259 1388 bestia
287 1338 372 1386 ictum
401 1338 494 1386 ederet
522 1338 706 1402 ineffigiatum
738 1338 949 1400 informemque,
978 1335 1124 1385 lambendo
1153 1335 1181 1383 id
1212 1342 1311 1399 postea

168 1407 239 1470 ‹pirod
258 1406 297 1453 ita
322 1405 455 1454 edidisset
473 1407 659 1455 conformaret
677 1409 705 1453 ct
724 1404 853 1468 tingeret,
883 1403 998 1469 proinde
1018 1403 1123 1468 ingenii
1142 1417 1250 1467 quoque
1269 1401 1313 1450 sui

167 1479 263 1538 partus
281 1479 406 1522 recentes
424 1473 485 1521 rudi
508 1488 569 1522 ease
594 1474 668 1521 faeie
693 1478 721 1521 et
739 1472 908 1536 inperfecta,
937 1471 985 1519 sed
1009 1472 1141 1535 deinceps
1165 1467 1312 1518 tractando

167 1541 336 1604 colendoque
355 1540 469 1589 reddere
488 1541 523 1589 iis
542 1556 570 1589 se
594 1542 648 1588 oris
668 1547 695 1588 et
714 1540 805 1588 uultus
824 1537 1011 1588 liniamenta’
1030 1538 1219 1600 Quintilianus
1237 1536 1263 1585 X
1281 1535 1311 1595 3,

167 1610 196 1657 s:
238 1608 401 1672 ‘Vergilium
425 1623 530 1672 quoqne
554 1609 734 1671 paucissimos
757 1607 802 1656 die
831 1608 1017 1671 composuisse
1037 1620 1131 1655 uersus
1151 1610 1248 1654 auctor
1269 1609 1314 1652 est

168 1675 286 1724 Varius)
318 1675 353 1727 es.
373 1676 557 1738 Hieronymus
576 1691 670 1722 enrrmr.
697 1676 724 1722 in
743 1674 907 1722 Zachariam
926 1675 965 1723 lli
991 1672 1019 1721 ll
1039 1679 1103 1723 tom.
1125 1673 1160 1721 VI
1178 1687 1244 1737 pag.
1262 1668 1311 1719 881

168 1744 238 1793 Vaii.
259 1760 353 1792 comm.
375 1743 400 1791 in
421 1758 463 1806 ep.
484 1743 519 1790 ad
538 1743 654 1791 Geinum
673 1743 713 1790 lil
732 1742 748 1791 5
767 1747 831 1791 tom.
853 1741 904 1790 VII
923 1758 985 1806 pag.
1005 1739 1056 1791 485
1073 1740 1146 1789 VaiI.

252 1809 325 1874 dsq.
362 1810 473 1858 Servius
498 1809 549 1858 eci.
574 1810 611 1858 Vl
637 1808 681 1858 ll:
719 1810 841 1858 ‘Dicitur
870 1814 961 1857 antem
991 1808 1095 1871 (ecloga
1115 1805 1179 1868 H)
1204 1806 1314 1871 lugenti

167 1879 264 1928 fauore
285 1894 301 1926 a
319 1877 436 1939 Virgilio
455 1892 515 1925 ease
534 1878 667 1937 recitata;
688 1877 758 1925 adeo
777 1883 815 1939 nt,
835 1891 895 1925 cnm
915 1892 975 1925 eam
994 1882 1091 1941 postea
1110 1874 1239 1939 Cytheris
1258 1890 1313 1922 me·

175 1970 361 1980 —————

255 2026 265 2073 1
291 2014 419 2071 instituit
445 2021 478 2070 ut
501 2013 624 2093 quidam
651 2013 784 2072 tradunt.
827 2012 880 2071 aiii
906 2013 970 2071 eius
996 2012 1169 2071 sententiae
1192 2018 1262 2071 sunt
1281 2019 1314 2069 nt

169 2099 358 2168 existiment,
371 2118 438 2155 eum
455 2099 480 2156 si
500 2097 610 2156 diutius
627 2098 756 2157 uixisset
780 2108 910 2178 quatuor
930 2107 961 2155 et
977 2098 1084 2174 uiginti
1105 2095 1313 2174 librostrsque

168 2183 207 2241 ad
219 2184 349 2258 Augusti
364 2190 502 2260 tempora
516 2184 696 2260 scripturum
710 2192 800 2262 atque
817 2182 878 2240 alia
892 2181 1043 2262 quaedam
1060 2180 1157 2258 (immo
1175 2178 1312 2260 quidem)
1355 2210 1360 2218 ·

168 2285 397 2346 percursatum,
440 2267 569 2343 Augusti
600 2287 673 2326 uero
700 2262 788 2344 gesta
818 2267 1050 2343 diligentissime
1081 2271 1312 2325 exsecuturum:

168 2353 281 2432 quippe
304 2352 355 2429 qai
379 2351 448 2409 dum
466 2351 613 2410 scriberet
633 2372 672 2410 ne
694 2352 765 2431 quid
784 2348 826 2424 §li
843 2352 997 2430 accipiens
1013 2353 1040 2409 R
1061 2345 1077 2433 ii
1096 2359 1113 2410 2
1132 2349 1315 2514 implerfecta

173 2437 240 2513 851}
258 2434 438 2514 transmisit]
462 2437 584 2515 reliquit
601 2458 619 2505 ς
633 2431 645 2514 ii
660 2447 677 2497 3
692 2433 808 2514 uerbis]
832 2435 970 2495 uersibus
990 2430 1033 2517 ςΙΙ
1049 2454 1125 2514 quos
1142 2454 1160 2503 ς
1213 2432 1313 2494 stibi-

169 2523 286 2580 cinibus
303 2525 423 2594 scripsi:
441 2519 595 2579 tibialibus
613 2524 666 2578 BR
681 2520 787 2597 tigillis
801 2519 851 2578 uei
869 2519 1044 2579 tibicinibus
1058 2540 1075 2589 ς
1087 2516 1100 2599 ii
1116 2539 1134 2576 a
1146 2538 1179 2576 se
1191 2516 1315 2577 dicebat

170 2629 187 2676 ς
201 2602 214 2689 ΙΙ
229 2620 244 2669 5
259 2605 399 2664 bucolica
416 2606 545 2664 triennio
562 2606 660 2663 Asinii
673 2606 821 2663 Pollionis
842 2624 934 2663 suasu
947 2606 1088 2683 perfecit.
1110 2603 1159 2662 hic
1171 2612 1313 2680 transpa-

170 2692 280 2750 danam
292 2691 477 2769 prouinciam
493 2689 636 2767 regebat3
653 2692 737 2748 ctrina
750 2691 854 2748 irrisore
868 2710 935 2748 cum
949 2689 1103 2748 ueteranis
1115 2688 1246 2769 Augusti
1261 2688 1314 2745 mi·

168 2776 272 2834 litibus
285 2775 534 2833 Cremonensium
554 2784 584 2832 et
604 2776 838 2832 Mantuanorum
861 2776 927 2850 agri
949 2773 1216 2843 distribuerentur,
1244 2792 1315 2830 siros

171 2859 314 2935 Virgilius
342 2880 401 2916 non
423 2859 530 2917 intrisit.
568 2860 650 2917 sacta
677 2860 756 2917 enim
780 2857 992 2917 distributione
1013 2879 1083 2916 siros
1108 2857 1238 2916 Claudio
1261 2877 1314 2914 sen

169 2944 242 3002 Ario
260 2942 346 3001 dans
364 2945 567 3021 recuperauit.
597 2943 677 3004 hunc
701 2943 869 3002 Pollionem
891 2944 1021 3002 maxime
1044 2942 1156 3001 amauit
1182 2943 1316 3000 Marcet

170 3028 298 3085 dilectus
312 3026 349 3083 ab
367 3048 402 3086 eo
415 3048 525 3103 magna
537 3048 660 3086 munera
675 3029 759 3086 tulit:
778 3029 889 3106 quippe
905 3024 958 3107 qui
975 3027 1120 3085 inuitatus
1133 3025 1171 3084 ad
1189 3047 1314 3085 coenam

170 3121 276 3189 captus
298 3110 522 3188 pulchritudine
543 3121 572 3170 et
594 3113 752 3189 diligentia
777 3112 942 3170 Alexandri
964 3111 1112 3171 Pollionis
1136 3112 1222 3189 pueri
1248 3130 1315 3169 eum

170 3196 249 3253 diano
263 3197 391 3273 aceepit.
412 3197 499 3254 larius
517 3197 664 3256 Pollionis
684 3198 777 3255 filium
796 3196 830 3255 C.
843 3197 980 3254 Asinium
990 3195 1032 3271 (et
1050 3200 1129 3254 addit
1147 3199 1315 3265 Fabricius)

171 3280 344 3346 Cornelium
362 3280 484 3339 Gallum
500 3292 650 3340 oratorem
662 3281 776 3339 clarum
789 3293 820 3339 et
831 3291 951 3359 poetam
969 3279 1228 3338 non'medioerem
1242 3280 1315 3338 miro

170 3385 272 3421 amore
285 3363 392 3422 dilexit
407 3366 563 3441 Virgilius.
592 3363 617 3424 is
639 3366 791 3424 transtulit
809 3365 1035 3444 Euphorionem
1054 3367 1083 3423 in
1096 3364 1222 3423 latinum
1236 3373 1268 3423 et
1281 3364 1315 3421 ii·

170 3448 231 3506 bris
254 3458 381 3527 ‹puatuor
400 3469 518 3507 ammes
537 3451 575 3510 de
592 3450 759 3528 Cytheride
779 3451 908 3526 scripsit.
941 3450 990 3507 hic
1011 3450 1107 3528 primo
1130 3450 1160 3506 in
1182 3449 1316 3507 amicitia

171 3533 312 3592 Caesaris
330 3534 458 3609 Augusti
484 3536 554 3593 fuit:
582 3549 689 3613 postea
707 3536 736 3592 in
756 3535 959 3612 suspicionem
979 3534 1194 3592 coniurationis
1211 3542 1316 3591 contra

170 3617 255 3676 iilum
273 3617 381 3675 ducitis
402 3621 520 3676 occisas
538 3629 594 3678 est.
612 3639 716 3677 nerum
732 3639 828 3699 usque
846 3619 923 3678 adeo
939 3619 1019 3677 hunc
1037 3614 1158 3677 (iulium
1171 3618 1316 3694 Virgilius

170 3707 287 3760 dmarat
301 3713 333 3761 nt
349 3713 474 3781 quartus
487 3706 697 3780 georgicorum
713 3725 731 3761 a
742 3703 841 3762 medio
855 3702 1001 3783 usquead
1014 3703 1103 3760 finem
1116 3704 1182 3760 eins
1192 3703 1317 3761 'laudem

171 3788 355 3845 contineret:
374 3808 462 3865 quem
477 3797 583 3865 postea
600 3788 722 3846 iubente
736 3788 876 3864 Angusto
893 3789 922 3845 in
939 3789 1074 3845 Aristaei
1092 3786 1225 3845 fabulam
1237 3807 1316 3845 com·

170 3872 306 3932 nmtauit.
317 3873 461 3947 georgica
473 3875 630 3948 septennio
644 3872 790 3950 Neapoli,
808 3872 948 3931 Aeneida
961 3872 1111 3951 partimin
1128 3870 1235 3929 Sicilia
1249 3892 1317 3950 par·

170 3958 222 4015 tim
241 3957 271 4013 in
281 3956 446 4034 Campania
460 3957 506 4014 Xl
521 3959 607 4015 annis
619 3958 753 4015 confecit
769 3979 787 4026 ς
800 3952 813 4036 ii
827 3966 841 4018 7
857 3977 979 4015 scenam
996 3960 1020 4012 B
1034 3950 1047 4036 ii
1064 3954 1172 4013 erebra
1184 3976 1316 4034 pronun·

171 4042 296 4099 tiatione
320 4043 528 4098 recitarentur.
560 4053 590 4099 at
611 4063 678 4100 cum
701 4042 810 4100 Cicero
832 4041 979 4119 quosdam
1003 4060 1109 4097 uersus
1126 4038 1264 4098 audisset
1289 4052 1319 4103 et

171 4126 273 4184 statim
289 4127 352 4183 acri
373 4125 485 4183 indicio
501 4127 700 4184 intellexisset
714 4147 772 4183 non
789 4127 939 4183 eomnmni
955 4124 1317 4191 uerraeditos,i11ssitair

172 4213 256 4269 initio
274 4218 366 4269 iotam
387 4211 523 4285 eclogam
540 4212 672 4269 recitari.
701 4230 791 4289 quemi
815 4231 881 4267 cnm
900 4218 1043 4268 accurate
1060 4219 1271 4286 pernotasset,
1289 4211 1318 4266 in

172 4296 230 4353 tine
251 4297 306 4354 ait:
336 4299 482 4371 ‘maguae
500 4316 569 4373 spes
586 4297 683 4353 altera
703 4295 853 4363 Rornae',
871 4296 958 4372 qnasi
977 4294 1041 4370 ipse
1058 4294 1180 4368 linguae
1203 4294 1317 4352 latinae

173 4400 242 4456 spes
260 4381 356 4456 prima
375 4375 497 4449 inisset,
521 4392 550 4437 et
575 4382 660 4438 Maru
680 4380 797 4437 futurus
823 4391 903 4436 esset
929 4377 1079 4437 secunda:
1118 4397 1196 4456 quae
1223 4378 1319 4437 uerba

849 4520 868 4573 d
