2964 5002
104 405 108 412 Ι
166 331 206 392 30
324 347 329 354 ’
544 349 587 389 na
610 348 695 390 unus
720 348 932 391 runvsrnmvs

165 517 240 559 nam
266 494 487 580 Adelphorum
515 495 712 579 principium
739 495 842 560 Varro
866 497 964 559 ctiam
982 495 1128 580 praefert
1148 496 1312 582 principio

166 596 350 659 Menandri.
407 594 481 658 Non
515 595 654 659 obscura
680 592 769 659 fama
803 605 854 660 est
880 596 1027 662 adiutum
1055 596 1245 660 Terentium
1278 599 1312 661 in

165 699 296 782 seriptis
318 718 338 759 a
360 695 474 760 Laelio
498 706 529 763 ct
552 696 720 782 Scipione:
749 719 886 784 eamque
908 699 979 783 ipse
999 700 1108 779 auxit,
1133 720 1312 784 numquam
1356 710 1360 717 '

108 788 114 795 ’
164 798 227 860 nisi
249 796 365 860 leuiter
387 818 422 861 se
443 799 543 860 tutari
564 805 717 879 conatus,
740 807 775 861 ut
798 800 832 862 in
853 799 988 885 prologo
1011 798 1252 885 Adelphorum:

249 914 333 977 Nam
356 914 444 1001 quod
466 915 520 978 isti
544 914 657 978 dieunt
674 914 842 998 maleuoli,
865 916 1012 980 homines
1034 914 1169 979 nobiles·
1319 932 1334 973 s

225 1050 229 1062 =
250 1016 347 1079 Hunc
368 1016 516 1079 adiutare
537 1016 733 1102 assidueque
755 1039 822 1081 una
844 1017 1003 1098 scribere,

250 1117 346 1197 Quod
368 1116 415 1181 illi
436 1116 644 1180 maledictum
666 1106 842 1182 uehemens
864 1140 936 1182 esse
958 1119 1176 1182 existumant:

250 1219 332 1282 Eam
355 1218 484 1282 laudern
506 1219 560 1281 hio
582 1217 672 1282 ducit
690 1240 892 1301 maxumam,
913 1241 1010 1306 quom
1032 1218 1096 1282 illis
1118 1219 1228 1306 p'lacet

249 1320 316 1399 Qui
336 1320 432 1384 uobis
455 1320 620 1383 uniuorsis
643 1327 676 1382 et
693 1320 813 1407 populo
835 1321 981 1407 placent,

251 1421 396 1500 Quorum
420 1442 519 1508 opera
540 1421 574 1483 in
596 1418 699 1500 bello,
722 1424 756 1485 in
780 1425 862 1504 otio,
886 1423 920 1485 in
939 1422 1071 1507 negotio
1321 1430 1345 1472 ¹⁰

249 1525 315 1587 Suo
339 1525 477 1610 quisque
498 1530 645 1607 ternpore
665 1532 760 1586 usust
781 1525 852 1587 sine
875 1523 1040 1610 superbia.

164 1626 295 1690 uidetur
322 1636 429 1688 autem
458 1622 564 1690 leuius
591 1645 625 1685 se
649 1622 854 1706 defendisse,
891 1627 968 1712 quia
990 1625 1116 1689 sciebat
1138 1624 1253 1689 Laelio
1279 1634 1312 1689 et

165 1727 312 1813 Scipioni
331 1747 397 1790 non
411 1708 573 1809 in'gratom
591 1745 663 1786 esso
679 1724 762 1788 hanc
784 1717 980 1813 opinionem.
1013 1746 1097 1812 quae
1115 1735 1185 1790 turn
1203 1727 1311 1810 magis

165 1839 197 1893 et
218 1849 321 1915 usque
343 1825 386 1890 ad
406 1825 589 1913 posteriora
607 1835 754 1912 tempora
774 1827 888 1891 ualuit.
923 1829 961 1891 O.
985 1827 1158 1892 Memmius
1180 1827 1214 1889 in
1238 1849 1309 1890 ora·

164 1932 252 1995 tione
278 1932 347 2015 pro‘
366 1948 401 1990 sc
441 1925 496 1988 <R
525 1925 722 1991 Africanus'
755 1929 862 2013 inquit
890 1937 928 1991 ‘a
951 1928 1107 1994 Terentio
1134 1949 1345 2014 porsonama

165 2103 365 2113 -——-——-—

251 2204 396 2283 lpreFert
409 2203 439 2260 Z.
462 2203 578 2280 profert
598 2205 650 2260 ΕΟ
668 2196 681 2283 Η
704 2190 986 2266 arsinoeum
1007 2207 1032 2263 G
1052 2199 1065 2286 ΗΗ
1086 2202 1223 2282 scipione
1243 2203 1313 2275 (uisi

165 2294 242 2365 qrrod
261 2288 322 2347 Sci.
342 2288 378 2366 G)
393 2291 460 2345 libri
476 2292 580 2344 ceteri.-
596 2284 952 2368 Scipionc,'quibuscum
969 2289 1162 2349 familiariter
1176 2288 1255 2347 uixit
1273 2291 1310 2358 Ε,

172 2379 231 2434 Vct.
246 2376 315 2445 (iam
328 2395 355 2431 a.
372 2375 460 2447 1⁴77)
474 2390 526 2445 sp.
539 2379 585 2441 27,
599 2379 617 2429 3
631 2370 645 2452 Η
661 2391 788 2455 eamque
799 2375 974 2447 Schopeuus.
985 2395 1116 2455 namque
1125 2378 1158 2433 A.
1168 2372 1310 2432 eandem-

60 2473 68 2486 ·
165 2480 224 2540 quc
240 2464 273 2518 F.
294 2457 484 2536 eundemque
500 2457 532 2513 G.
550 2454 679 2514 eamdem
694 2462 784 2516 ceteri
797 2453 810 2540 Η
825 2459 932 2518 hauxit
948 2462 977 2518 G.
994 2460 1080 2518 haxit
1096 2462 1158 2530 Ba,
1175 2453 1240 2517 ixit
1259 2460 1310 2515 Bb.

164 2545 242 2604 uixit
257 2548 285 2603 Ε
299 2539 313 2626 Η
326 2561 490 2621 numquam
511 2544 599 2600 AEG.
620 2560 784 2621 numquam
811 2544 889 2601 enim
912 2548 1002 2602 ceteri
1021 2540 1072 2625 114
1093 2543 1206 2603 leniter
1227 2545 1281 2600 ΕΖ
1302 2540 1311 2619 Η
1367 2536 1375 2607 J

429 2642 433 2655 ,
643 2633 655 2660 u
931 2640 933 2644 ,

165 2701 199 2741 se
222 2675 323 2758 tutari]
351 2678 485 2737 refutare
513 2669 547 2734 A.
575 2697 609 2734 se
625 2627 714 2754 ditari
730 2681 758 2735 F
767 2680 824 2751 [D]
841 2673 858 2759 Η
882 2688 989 2754 conato
1012 2677 1052 2755 (h.
1075 2696 1099 2739 e.
1117 2682 1259 2753 conatus)
1275 2681 1310 2736 A.

166 2774 291 2823 conatur
303 2767 393 2822 ceteri
407 2765 464 2834 [D]
484 2756 497 2842 Η
519 2771 550 2819 et
566 2765 588 2818 G
609 2759 623 2842 Η
643 2761 784 2848 prologo]
806 2784 830 2822 v.
855 2771 889 2821 15
909 2756 923 2844 Η
938 2776 954 2825 5
971 2763 1043 2845 quid
1061 2766 1096 2820 B.
1114 2784 1165 2822 om.
1182 2760 1238 2844 ΕΗ
1252 2763 1310 2841 ipsi
1349 2826 1358 2842 ‚

164 2902 296 2972 ABCDG¹
308 2893 321 2979 Η
336 2897 480 2955 maleuoli
499 2901 532 2955 A.
551 2872 695 2956 malduoii
711 2902 745 2956 F.
760 2897 894 2957 maliuoli
906 2903 998 2980 ceteri
1017 2894 1030 2981 Η
1048 2876 1241 2972 nubilosum.
1262 2901 1288 2955 I)
1302 2894 1310 2974 Η

165 2994 181 3047 6
202 2980 308 3060 Hunc]
332 2980 411 3040 Eum
432 2986 499 3040 libri
520 2985 686 3041 Terentiam
706 2976 721 3064 Η
736 2982 859 3041 assidue
883 3004 942 3042 una
960 2986 983 3042 G
998 2979 1041 3065 Ηῖ
1057 2984 1224 3043 uehemens
1242 3000 1310 3041 csse

137 3102 142 3109 ·
165 3072 227 3128 AF.
249 3066 446 3125 uehementer
468 3069 552 3124 auo.
579 3068 743 3126 uehemens
761 3070 813 3125 ΕΖ
831 3063 844 3150 ΗΗ
865 3078 884 3130 8
902 3065 993 3145 Eam]
1014 3070 1093 3127 Esse
1117 3063 1168 3148 ΕΗ
1185 3068 1310 3125 duxitG

162 3144 174 3232 Η
190 3152 351 3211 maximam
368 3156 435 3209 libri
452 3145 467 3231 Η
487 3150 592 3230 quom]
610 3172 675 3209 curn
693 3155 755 3208 ΑΜ.
775 3156 801 3223 (o
817 3156 972 3227 Terentio).
993 3153 1042 3231 Qd
1058 3153 1099 3230 (li.
1121 3171 1145 3210 e.
1163 3152 1261 3228 Quid)
1277 3157 1310 3210 A.

165 3237 215 3317 qd'
231 3238 267 3294 I).
285 3255 305 3308 q
325 3240 360 3295 F.
376 3235 457 3314 quod
472 3242 562 3294 ceteri
575 3232 587 3317 ΗΗ
604 3237 725 3315 placeat
741 3238 797 3295 GZ.
815 3238 938 3315 placent
957 3241 985 3295 E
998 3232 1011 3319 Η
1027 3248 1043 3300 9
1074 3236 1135 3295 'uid
1155 3243 1179 3293 A
1194 3230 1208 3317 ΗΗ
1223 3236 1311 3294 uobis

165 3342 218 3380 om.
239 3322 366 3378 BOdGZ
385 3319 398 3399 Η
419 3315 674 3398 ‘fluniucrsis'scd
692 3342 728 3378 m.
746 3325 778 3378 G.
799 3323 949 3383 uniuersis
970 3259 1092 3403 cetarii}
1113 3330 1144 3379 ot
1158 3341 1213 3379 om.
1232 3323 1310 3379 Ber)

68 3450 74 3455 -
164 3401 311 3488 flplaceat
331 3408 357 3462 Ι)
372 3399 386 3485 Η
397 3415 436 3466 '10
455 3425 578 3483 operam
601 3401 654 3487 ΕΗ
669 3405 735 3465 ocio
759 3408 790 3465 in
814 3402 943 3485 negocio
968 3410 1073 3465 GDEF
1090 3402 1104 3487 Η
1128 3418 1156 3467 lt
1181 3425 1237 3465 suo
1256 3426 1310 3465 om.

78 3523 83 3531 '
166 3487 410 3571 Giiq¹¹a³q1¹ed
425 3482 589 3571 ll'tornpore
610 3511 682 3550 usus
699 3501 746 3549 est
760 3491 788 3563 (e
804 3476 1045 3567 Yeientiorffls
1068 3511 1140 3550 usus
1165 3500 1212 3550 est
1235 3499 1309 3570 tern-

134 3626 141 3641 .
164 3590 238 3657 pore-
257 3579 288 3632 F.
304 3594 376 3633 usus
393 3585 440 3632 est
454 3579 543 3632 ceteri
557 3570 570 3656 Η
588 3585 620 3636 12
635 3586 736 3635 autern
756 3576 855 3635 leuius
878 3597 911 3635 se
930 3578 1114 3636 Bitscheiius.
1130 3584 1231 3634 autem
1247 3578 1310 3636 lae·

164 3663 223 3737 iius
243 3685 344 3735 autom
365 3679 397 3732 A.
416 3686 515 3734 autem
539 3678 686 3736 solonius
707 3681 757 3735 BC
767 3688 808 3746 el,
825 3683 882 3736 nisi
895 3683 972 3752 quod
991 3699 1028 3737 eu
1049 3684 1078 3736 in
1094 3697 1167 3749 rua,
1189 3682 1228 3750 F,
1245 3684 1310 3747 item

164 3766 225 3821 AM.
242 3772 342 3820 sutem
358 3780 391 3818 so
408 3761 505 3819 leuius
521 3763 552 3819 Z.
570 3760 784 3845 autenflenius
799 3767 834 3820 Ε
853 3774 955 3822 autem
968 3764 1066 3822 leuius
1079 3766 1158 3837 G[I)]
1173 3758 1187 3844 Η
1201 3763 1310 3845 Laelio

166 3856 196 3907 ct
218 3846 352 3923 Scipioni
373 3846 499 3916 wa.
521 3865 561 3903 ex
580 3846 671 3905 laelio
692 3866 731 3905 ex
753 3849 897 3925 scipionis
916 3852 948 3905 A.
971 3856 1004 3905 ut
1025 3848 1089 3906 lolii
1115 3856 1146 3907 et
1167 3849 1312 3926 scipionis

164 3937 224 3991 BC.
246 3939 276 3988 et
295 3930 359 3988 lelii
381 3949 418 3987 ex
446 3929 589 4007 scipionis
602 3934 651 4014 Ε.
673 3930 704 3990 et
724 3931 807 3990 laelii
828 3940 859 3988 et
880 3933 1023 4008 scipionis
1045 3936 1080 3990 F.
1102 3952 1158 4011 per
1179 3932 1260 3990 Lelii
1283 3942 1313 3990 et

165 4016 308 4097 scipionis
332 4017 364 4073 G.
386 4023 417 4071 et
439 4015 592 4089 Loliorum
613 4016 748 4094 Scipioni
770 4018 802 4073 Z.
821 4025 851 4073 et
871 4016 979 4074 Laelio
1001 4025 1032 4073 et
1055 4015 1190 4095 Scipioni
1207 4019 1312 4074 Fleclc·

164 4109 277 4162 ciamus
292 4096 304 4181 ΗΗ
324 4110 354 4162 13
367 4099 528 4175 ingratiam
545 4102 571 4155 B
586 4094 605 4181 Η
616 4120 674 4179 quo
691 4104 721 4163 Z.
738 4101 789 4181 qui
804 4103 827 4158 G
843 4094 856 4181 Η
871 4109 933 4158 turn
949 4103 1140 4159 Bitschelius:
1159 4106 1237 4175 quod
1247 4110 1314 4175 post

165 4195 365 4261 repertumst
379 4189 408 4241 in
424 4187 456 4243 G.
473 4195 576 4242 tamon
590 4190 680 4243 ceteri
698 4187 710 4264 Η
734 4194 766 4247 14
780 4186 937 4262 superiora
953 4187 975 4241 C
993 4179 1007 4265 Η
1029 4186 1064 4244 O.
1083 4187 1243 4244 Memmius
1262 4191 1312 4243 Εἱ-

165 4277 288 4330 irndtius
306 4274 419 4344 Prolep.
442 4275 471 4326 in
495 4273 551 4327 Cic.
574 4273 659 4326 Brut.
679 4291 709 4344 p.
732 4279 786 4322 AX}
803 4273 846 4326 ed.
868 4288 915 4341 pr.
941 4269 974 4327 O.
991 4272 1118 4327 meruius
1140 4274 1175 4327 A.
1194 4272 1233 4347 Q
1250 4290 1312 4329 me·

165 4359 242 4415 mius
263 4359 323 4418 BG.
348 4357 396 4434 Q..
410 4356 566 4415 memmius
588 4358 700 4444 EFGZ.
725 4356 763 4433 Q.
780 4355 832 4413 Mo
853 4355 880 4410 D
900 4348 914 4433 Η
937 4365 968 4415 15
984 4373 1018 4412 so
1034 4361 1068 4412 A.
1092 4375 1126 4414 se
1142 4357 1185 4413 ait
1199 4351 1313 4434 ceteri!
1335 4352 1337 4356 ’
