2964 5002
180 344 220 415 20
553 368 595 413 ns
619 372 706 414 risis
729 367 944 417 racvsrnrsvs

140 520 148 525 ’
179 519 347 583 chilocbus
370 528 402 582 et
424 518 618 607 Hipponax,
651 519 739 605 apud
761 519 925 583 Romanos
948 519 1096 586 Lucilius
1119 533 1151 586 ct
1174 518 1325 588 Catullus

179 631 210 683 et
232 620 389 683 Horatius
409 628 441 683 et
462 619 651 685 Bibaculus.
851 701 856 706 Ι

263 748 300 784 η
325 719 443 784 Satura
465 721 585 785 dicitur
610 744 742 797 carmen
767 722 856 807 apud
881 722 1047 786 Romanos
1079 747 1166 788 nunc
1192 726 1324 811 quidem
1375 768 1379 774 -

177 821 373 885 maledicum
396 832 429 885 et
450 821 492 884 ad
522 823 687 907 carpenda
708 823 875 887 hominurn
903 826 985 888 uitia
1012 825 1170 891 archaeae
1197 847 1324 891 comoe-

178 923 250 986 diae
279 921 466 986 charactere
496 910 714 1009 conpositum,
756 925 853 1008 quale
882 926 1097 1011 scripserunt?
1112 927 1262 991 Lucilius
1291 937 1345 991 ets

177 1024 333 1088 Horatius
357 1035 389 1086 et
416 1024 663 1089 laminas-sed
690 1025 767 1089 olim
790 1048 921 1089 carmen
950 1027 1037 1113 quod
1058 1049 1102 1092 ex
1124 1029 1224 1091 uariis
1248 1051 1323 1115 poe·

176 1125 317 1189 metibus
347 1125 520 1189 constabat
547 1136 659 1191 satura
681 1127 876 1207 uocabatur,
907 1127 1003 1215 quale
1029 1131 1232 1214 scripserunt
1261 1128 1323 1192 Pa·
1369 1114 1373 1119 ¹

175 1226 291 1291 cuuius
315 1234 347 1289 et
369 1226 507 1290 Ennius.
550 1234 662 1293 satura
683 1216 901 1314 auteur'glicta
929 1231 1000 1293 siue
1025 1252 1045 1292 a
1067 1231 1202 1317 satyris,
1234 1229 1323 1316 quod

157 1327 327 1391 similiter
346 1328 380 1390 in
399 1328 460 1392 boc
483 1330 628 1392 carmine
650 1327 809 1392 ridiculae
832 1350 883 1392 res
903 1329 1142 1417 pudendaeque
1158 1329 1322 1410 dicuntur,

176 1450 259 1515 quae
292 1429 382 1492 uelut
415 1451 435 1492 a
469 1430 587 1515 satyris
622 1426 832 1514 proferuntur
857 1439 890 1493 et
916 1429 1012 1494 fiunt:
1055 1433 1125 1495 siue
1159 1440 1270 1496 satura
1301 1453 1365 1513 ara,-

174 1529 284 1612 lance‚
317 1552 400 1616 quae
421 1530 545 1594 referta
568 1532 669 1594 uariis
691 1529 868 1625 multisque
890 1532 1043 1642 ppimitiis
1065 1533 1098 1595 in
1120 1553 1222 1623 sacro¹
1233 1532 1321 1619 apud

95 1655 98 1660 ·
173 1633 298 1716 priscos
321 1631 371 1694 dis
390 1630 607 1721 inferebatur,
630 1640 662 1694 et
672 1652 703 1694 a·
713 1630 807 1718 copia
826 1654 865 1695 ac
880 1630 1050 1696 saturitate
1071 1634 1118 1696 rei
1139 1643 1250 1711 satura
1265 1655 1322 1697 uo·
1337 1694 1364 1745 0

174 1732 326 1813 cubatum
371 1735 465 1827 cuius
496 1733 627 1816 generis
658 1733 800 1796 lancium
821 1742 868 1807 „et
896 1731 1063 1818 Vergilius
1091 1735 1126 1796 in
1156 1728 1320 1819 geoigicis
1395 1736 1401 1807 ξ

131 1880 135 1889 .
174 1835 337 1916 meminit,
361 1855 434 1896 cum
455 1832 516 1896 hoc
538 1832 639 1905 modo,
657 1832 753 1901 dicit:

325 1932 474 1997 lancibus
497 1944 529 1997 et
550 1933 668 2020 pandis
692 1928 854 2015 fumantia
875 1932 1041 1998 reddimus
1063 1944 1141 1999 exta
1331 1965 1353 2004 n

173 2043 205 2098 et

628 2135 804 2223 lancesque
828 2147 860 2203 ot
880 2137 948 2200 liba
970 2137 1127 2201 feremus:
1180 2164 1182 2168 ⁸

243 2323 303 2389 lsq.
323 2325 512 2386 Quintilianus
530 2326 554 2374 X
576 2325 603 2385 1,
622 2324 670 2374 ao:
708 2327 829 2375 ‘iamlars
847 2342 902 2381 non
920 2341 987 2375 sane
1007 2340 1024 2375 a
1042 2326 1174 2375 Romanis
1193 2325 1318 2376 celebra·

171 2398 215 2441 tus
235 2397 278 2442 est
300 2398 331 2441 ut
349 2394 486 2458 proprium
510 2402 589 2457 opus,
616 2393 778 2458 quibusdam
797 2395 992 2461 interpositus3
1030 2395 1109 2443 cuins
1128 2393 1270 2443 acerbitas
1290 2395 1317 2442 iu

172 2460 282 2509 Catullo
301 2459 437 2509 Bibaculo
461 2460 592 2523 Horatio,
618 2476 784 2526 quamquam
806 2462 847 2510 illi
866 2462 973 2526 epodos
993 2461 1176 2525 internarum,
1197 2463 1318 2526 reperio·

167 2526 232 2577 tnr.'
971 2560 983 2569 ·-

255 2595 332 2661 3—p.
345 2596 387 2656 22,
401 2596 416 2643 2
434 2595 525 2644 Sclrol.
540 2597 615 2645 Pers.
632 2597 691 2646 cod.
705 2597 787 2645 Bcrn.
801 2595 851 2645 ouo
865 2612 878 2644 c
892 2597 1079 2661 descriptione
1092 2595 1186 2645 Iahni:
1201 2594 1318 2659 ‘Satyra

171 2679 257 2728 genus
277 2670 319 2713 est
337 2664 426 2712 lancis
445 2664 532 2712 uariis
554 2664 661 2728 frugum
685 2664 834 2729 generibus
854 2664 964 2728 plenum
988 2679 1059 2728 quae
1082 2665 1187 2714 referta
1210 2663 1316 2713 sacriti-

172 2733 224 2781 ciis
247 2733 350 2781 Veneri
374 2731 519 2780 consueuit
541 2731 647 2780 inferri.
672 2733 748 2782 dicta
773 2737 865 2781 autem
884 2728 971 2781 satir’a
991 2747 1006 2780 n
1025 2733 1176 2781 saturitate
1199 2733 1218 2780 i.
1238 2748 1262 2780 e.
1282 2732 1317 2779 ab

170 2795 376 2860 habundantia,
402 2799 473 2847 unde
498 2799 526 2846 in
551 2798 633 2848 choro
657 2800 753 2848 Liberi
776 2800 864 2863 patris
889 2800 1007 2848 ministri
1029 2801 1095 2848 uino
1120 2805 1202 2863 atquo
1229 2799 1318 2864 epulis

170 2865 245 2930 pleni
269 2868 355 2915 saturi
375 2865 601 2930 appellabantur:
633 2867 696 2915 inde
720 2867 852 2931 scriptum
872 2868 1007 2933 poematis
1025 2867 1134 2916 satirici
1159 2867 1232 2916 huuc
1250 2868 1316 2917 titu-

171 2933 225 2980 lum
252 2934 361 2997 accepit
385 2934 457 2996 quod
480 2935 605 2997 personis
629 2935 768 2998 lactisque
796 2935 901 2983 satiata
921 2934 1062 2984 abundare
1081 2935 1163 2983 uideo
1182 2937 1212 2995 (ι’.
1232 2951 1255 2985 c.
1275 2935 1316 2982 ui·

170 3000 271 3062 rietur).
304 3000 354 3048 Vol
374 3008 469 3064 satyra
487 3001 590 3050 (licitur
609 3002 681 3066 apud
695 3003 957 3065 Ronlanosffiarrrrcn
970 3001 1135 3051 maledicum
1154 3008 1183 3050 et
1202 3000 1316 3053 afflcti-

169 3053 259 3131 pebrla
277 3066 415 3116 hominum
434 3069 505 3117 uitia
525 3069 704 3134 compositum
724 3069 804 3133 quale
824 3071 995 3134 scripserunt
1007 3069 1132 3118 Lucilius
1151 3070 1275 3118 horatius
1289 3074 1317 3118 et

169 3135 284 3198 persius.
310 3141 339 3183 at
358 3136 421 3184 olim
441 3146 552 3185 carmon
572 3136 642 3201 quorl
662 3152 676 3185 a
695 3138 783 3184 uariis
801 3138 974 3201 poematibus
994 3137 1143 3186 constabat
1161 3137 1250 3186 satira
1269 3152 1316 3185 uo·

170 3201 288 3251 cabatnr
311 3203 391 3267 quale
416 3204 586 3268 scripserunt
609 3205 743 3269 pecunius
769 3209 797 3253 et
816 3205 924 3253 emilius
948 3207 1032 3268 (annio
1050 3202 1178 3257 Ennius).
1215 3204 1318 3266 Satyrs

170 3274 262 3319 autern
281 3270 357 3319 (licta
376 3263 435 3321 siue
456 3287 472 3320 a
490 3273 592 3335 satyris
610 3271 681 3337 quod
700 3272 828 3321 similiter
847 3273 874 3321 in
895 3272 947 3322 hoc
972 3273 1094 3321 carmine
1114 3270 1248 3320 ridiculae
1274 3287 1315 3319 rc·

156 3337 344 3402 'spusnrleque
364 3337 395 3402 (i.
414 3355 436 3387 e.
459 3355 503 3388 res
526 3340 739 3404 pudendaeque)
759 3340 887 3388 dicuntur
905 3341 983 3404 quasi
1003 3340 1081 3388 uelut
1099 3355 1115 3387 a
1134 3339 1236 3402 satyris
1254 3355 1314 3404 pro·
1359 3369 1362 3373 -

169 3406 294 3454 serantur
316 3406 376 3453 siue
401 3421 417 3454 a
441 3413 536 3455 satura
561 3407 655 3468 lance,
681 3423 750 3471 quac
776 3410 880 3456 rct'crta
904 3408 990 3456 uariis
1014 3406 1160 3470 multisque
1186 3407 1316 3470 primitiis

167 3472 221 3521 <liis
245 3473 417 3522 inserebatur
441 3481 468 3522 ct
492 3490 509 3522 a
533 3476 613 3539 copia
638 3481 666 3523 et
690 3491 706 3522 a
730 3476 862 3523 satietate
888 3476 927 3524 rei
952 3481 1048 3524 satura
1067 3475 1228 3524 uocabatur.
1267 3474 1316 3521 alii

168 3545 260 3588 autem
279 3541 381 3588 dictam
400 3546 499 3604 putant
518 3557 534 3590 a
553 3541 615 3607 lege
635 3544 735 3602 satira,
762 3558 832 3606 qnae
851 3558 906 3591 uno
930 3550 1029 3608 rogatu
1055 3542 1141 3591 mult-a
1165 3540 1245 3590 simul
1269 3557 1314 3589 ca-

166 3607 275 3672 piebat,
297 3608 367 3671 qnod
385 3608 496 3657 scilicet
514 3609 543 3657 in
561 3609 716 3659 huiusmodi
736 3613 857 3660 carmine
881 3611 969 3661 multa
987 3616 1118 3677 poemata
1137 3609 1314 3673 comproban-

252 3808 261 3858 1
283 3796 401 3855 catulus
417 3799 502 3854 ΑΒΜ
516 3792 529 3878 Η
544 3806 561 3856 '2
576 3798 735 3857 uiuaculns
759 3801 846 3855 ΑΒΜ
864 3793 877 3878 Η
899 3800 1044 3877 aSatyra
1067 3799 1156 3853 ΑΒΜ
1174 3792 1315 3877 ll·Satyra

166 3889 213 3939 est
230 3900 351 3939 carmen
370 3880 450 3959 apud
469 3901 609 3940 romanos
629 3904 690 3941 non
707 3882 830 3963 quidem
851 3883 933 3960 apud
948 3902 1076 3958 graecos
1094 3881 1279 3939 maledicum
1298 3901 1317 3950 ς

165 3964 173 4046 Η
192 3966 354 4026 sarcheae
370 3967 458 4023 ΑΒΜ
469 3960 482 4047 Η
498 3977 513 4027 5
532 3967 640 4046 quales
655 3970 714 4024 ΑΜ
725 3963 739 4048 Η
753 3976 770 4029 6
789 3964 843 4025 se'd
860 3971 981 4039 scripsi:
1001 3974 1031 4023 ct
1050 3968 1137 4022 ΑΒΜ
1150 3961 1163 4046 Η
1179 3974 1194 4027 7
1210 3977 1315 4046 satyra

167 4053 229 4108 ΒΜ
244 4051 376 4109 satiraA
396 4045 410 4132 Η
432 4050 538 4129 quales
555 4054 608 4108 ΑΒ
623 4046 635 4130 Η
651 4061 668 4113 8
687 4060 791 4132 satyra
812 4052 900 4108 ΑΒΜ
910 4043 923 4130 Η
942 4061 974 4109 10
991 4060 1097 4125 satyra
1116 4071 1134 4108 a
1150 4052 1240 4109 lance
1263 4054 1315 4107 ΑΒ

166 4144 271 4214 satyra
281 4136 364 4194 laute
379 4138 415 4192 M
429 4156 447 4192 a
459 4144 566 4213 satyra
578 4136 667 4194 lance
687 4156 704 4206 ς
719 4133 731 4216 Η
749 4148 775 4197 11
796 4138 826 4193 ἰιι
842 4136 937 4192 sacris
954 4132 1075 4192 Cereris
1093 4136 1282 4193 inferebatur
1299 4158 1316 4204 ς

164 4217 173 4301 Η
196 4230 225 4280 12
240 4223 355 4299 priscos
370 4220 428 4279 diis
452 4222 514 4276 ΒΜ
528 4220 693 4298 priscordis
710 4228 733 4278 Α
755 4217 767 4300 Η
790 4239 826 4277 ac
845 4237 896 4276 cm.
917 4219 979 4273 ΒΜ
992 4215 1005 4298 Η
1020 4230 1126 4297 satyra
1142 4222 1200 4276 ΑΜ
1216 4218 1315 4287 ,satira
1383 4217 1387 4224 ’

165 4308 193 4360 Β
208 4300 221 4385 Η
239 4318 268 4369 15
281 4301 429 4385 lancibus]
454 4307 537 4379 Vera.
549 4323 647 4380 paura.
664 4307 700 4363 ΙΙ
716 4310 770 4363 iar
786 4300 799 4383 Η
815 4310 846 4365 17
863 4301 1041 4382 lancesque]
1066 4305 1150 4376 Vrrp.
1165 4322 1264 4379 prora.
1281 4307 1320 4363 11

165 4394 223 4448 394
1066 4386 1072 4397 ’
