<?xml version="1.0" encoding="UTF-8"?>
<!DOCTYPE html PUBLIC "-//W3C//DTD XHTML 1.0 Transitional//EN"
    "http://www.w3.org/TR/xhtml1/DTD/xhtml1-transitional.dtd">
<html xmlns="http://www.w3.org/1999/xhtml" xml:lang="en" lang="en">
 <head>
  <title>
</title>
<meta http-equiv="Content-Type" content="text/html;charset=utf-8" />
  <meta name='ocr-system' content='tesseract 3.04.00' />
  <meta name='ocr-capabilities' content='ocr_page ocr_carea ocr_par ocr_line ocrx_word'/>
</head>
<body>
  <div class='ocr_page' id='page_1' title='image "./csvetonitranqvi00ritsgoog_0217.png"; bbox 0 0 2964 5002; ppageno 0'>
   <div class='ocr_carea' id='block_1_1' title="bbox 167 349 1110 411">
    <p class='ocr_par' dir='ltr' id='par_1_1' title="bbox 167 349 1110 411">
     <span class='ocr_line' id='line_1_1' title="bbox 167 349 1110 411; baseline -0.017 0"><span class='ocrx_word' id='word_1_1' title='bbox 167 349 227 411; x_wconf 80' lang='lat'><strong>182</strong></span> <span class='ocrx_word' id='word_1_2' title='bbox 363 360 598 406; x_wconf 80' lang='lat' dir='ltr'><strong>svrrnaunurs</strong></span> <span class='ocrx_word' id='word_1_3' title='bbox 620 358 709 399; x_wconf 84' lang='lat' dir='ltr'><strong>nram</strong></span> <span class='ocrx_word' id='word_1_4' title='bbox 730 359 773 399; x_wconf 84' lang='lat' dir='ltr'><strong>aa</strong></span> <span class='ocrx_word' id='word_1_5' title='bbox 797 356 883 398; x_wconf 78' lang='lat' dir='ltr'><strong>anuo</strong></span> <span class='ocrx_word' id='word_1_6' title='bbox 906 353 1110 399; x_wconf 72' lang='lat' dir='ltr'><strong>nonanoavu</strong></span> 
     </span>
    </p>
   </div>
   <div class='ocr_carea' id='block_1_2' title="bbox 98 504 1330 4420">
    <p class='ocr_par' dir='ltr' id='par_1_2' title="bbox 98 504 1330 4420">
     <span class='ocr_line' id='line_1_2' title="bbox 164 504 1310 573; baseline -0.013 -4"><span class='ocrx_word' id='word_1_7' title='bbox 164 518 247 569; x_wconf 89' lang='lat' dir='ltr'><strong>lamlo</strong></span> <span class='ocrx_word' id='word_1_8' title='bbox 260 531 317 564; x_wconf 91' lang='lat' dir='ltr'><strong>rem</strong></span> <span class='ocrx_word' id='word_1_9' title='bbox 330 514 384 563; x_wconf 83' lang='lat' dir='ltr'><strong>sibi</strong></span> <span class='ocrx_word' id='word_1_10' title='bbox 397 511 432 561; x_wconf 89' lang='lat' dir='ltr'><strong>ad</strong></span> <span class='ocrx_word' id='word_1_11' title='bbox 445 509 636 573; x_wconf 82' lang='lat' dir='ltr'><strong>corrigendum</strong></span> <span class='ocrx_word' id='word_1_12' title='bbox 648 508 807 559; x_wconf 89' lang='lat' dir='ltr'><strong>mandatam</strong></span> <span class='ocrx_word' id='word_1_13' title='bbox 819 506 892 557; x_wconf 91' lang='lat' dir='ltr'><strong>ultro</strong></span> <span class='ocrx_word' id='word_1_14' title='bbox 910 508 975 571; x_wconf 89' lang='lat' dir='ltr'><strong>qnia</strong></span> <span class='ocrx_word' id='word_1_15' title='bbox 987 505 1186 571; x_wconf 88' lang='lat' dir='ltr'><strong>deprauamat,</strong></span> <span class='ocrx_word' id='word_1_16' title='bbox 1200 504 1225 555; x_wconf 89' lang='grc'><strong>8.</strong></span> <span class='ocrx_word' id='word_1_17' title='bbox 1241 505 1310 555; x_wconf 88' lang='lat' dir='ltr'><strong>adeo</strong></span> 
     </span>
     <span class='ocr_line' id='line_1_3' title="bbox 166 573 1311 642; baseline -0.013 -5"><span class='ocrx_word' id='word_1_18' title='bbox 166 589 323 637; x_wconf 88' lang='lat' dir='ltr'><strong>aberratum</strong></span> <span class='ocrx_word' id='word_1_19' title='bbox 348 586 391 630; x_wconf 84' lang='lat' dir='ltr'><strong>est</strong></span> <span class='ocrx_word' id='word_1_20' title='bbox 412 583 443 628; x_wconf 93' lang='lat' dir='ltr'><strong>nt</strong></span> <span class='ocrx_word' id='word_1_21' title='bbox 465 577 496 627; x_wconf 81' lang='lat' dir='ltr'><strong>C.</strong></span> <span class='ocrx_word' id='word_1_22' title='bbox 516 576 623 627; x_wconf 86' lang='lat' dir='ltr'><strong>Caesar</strong></span> <span class='ocrx_word' id='word_1_23' title='bbox 644 577 771 642; x_wconf 84' lang='lat' dir='ltr'><strong>pontifex</strong></span> <span class='ocrx_word' id='word_1_24' title='bbox 793 576 927 625; x_wconf 84' lang='lat' dir='ltr'><strong>maximus</strong></span> <span class='ocrx_word' id='word_1_25' title='bbox 950 590 999 625; x_wconf 94' lang='lat' dir='ltr'><strong>sno</strong></span> <span class='ocrx_word' id='word_1_26' title='bbox 1022 576 1066 625; x_wconf 90' lang='lat'><strong>111</strong></span> <span class='ocrx_word' id='word_1_27' title='bbox 1090 580 1119 623; x_wconf 90' lang='lat' dir='ltr'><strong>et</strong></span> <span class='ocrx_word' id='word_1_28' title='bbox 1141 575 1178 623; x_wconf 86' lang='lat' dir='ltr'><strong>M.</strong></span> <span class='ocrx_word' id='word_1_29' title='bbox 1198 573 1311 623; x_wconf 79' lang='lat' dir='ltr'><strong>Aemilii</strong></span> 
     </span>
     <span class='ocr_line' id='line_1_4' title="bbox 165 640 1311 719; baseline -0.012 -15"><span class='ocrx_word' id='word_1_30' title='bbox 165 652 266 719; x_wconf 82' lang='lat' dir='ltr'><strong>Lepidi</strong></span> <span class='ocrx_word' id='word_1_31' title='bbox 285 647 443 707; x_wconf 72' lang='lat' dir='ltr'><strong>consulatu,</strong></span> <span class='ocrx_word' id='word_1_32' title='bbox 469 662 521 710; x_wconf 92' lang='lat' dir='ltr'><strong>qno</strong></span> <span class='ocrx_word' id='word_1_33' title='bbox 544 652 618 694; x_wconf 90' lang='lat' dir='ltr'><strong>retro</strong></span> <span class='ocrx_word' id='word_1_34' title='bbox 639 643 769 694; x_wconf 89' lang='lat' dir='ltr'><strong>delictum</strong></span> <span class='ocrx_word' id='word_1_35' title='bbox 789 640 954 706; x_wconf 78' lang='lat' dir='ltr'><strong>corrigeret,</strong></span> <span class='ocrx_word' id='word_1_36' title='bbox 974 643 1042 692; x_wconf 91' lang='lat' dir='ltr'><strong>duos</strong></span> <span class='ocrx_word' id='word_1_37' title='bbox 1059 657 1170 692; x_wconf 89' lang='lat' dir='ltr'><strong>menses</strong></span> <span class='ocrx_word' id='word_1_38' title='bbox 1188 643 1311 691; x_wconf 88' lang='lat' dir='ltr'><strong>interca·</strong></span> 
     </span>
     <span class='ocr_line' id='line_1_5' title="bbox 166 710 1311 775; baseline -0.011 -4"><span class='ocrx_word' id='word_1_39' title='bbox 166 723 251 771; x_wconf 90' lang='lat' dir='ltr'><strong>larios</strong></span> <span class='ocrx_word' id='word_1_40' title='bbox 269 718 375 765; x_wconf 90' lang='lat' dir='ltr'><strong>dierum</strong></span> <span class='ocrx_word' id='word_1_41' title='bbox 393 714 496 763; x_wconf 82' lang='lat' dir='ltr'>LXVII</span> <span class='ocrx_word' id='word_1_42' title='bbox 515 713 543 762; x_wconf 90' lang='lat' dir='ltr'><strong>in</strong></span> <span class='ocrx_word' id='word_1_43' title='bbox 561 727 682 762; x_wconf 84' lang='lat' dir='ltr'><strong>nreusem</strong></span> <span class='ocrx_word' id='word_1_44' title='bbox 700 712 882 761; x_wconf 81' lang='lat' dir='ltr'><strong>Nouembrem</strong></span> <span class='ocrx_word' id='word_1_45' title='bbox 901 715 929 760; x_wconf 90' lang='lat' dir='ltr'><strong>et</strong></span> <span class='ocrx_word' id='word_1_46' title='bbox 946 710 1128 760; x_wconf 80' lang='lat' dir='ltr'><strong>Decembrem</strong></span> <span class='ocrx_word' id='word_1_47' title='bbox 1152 710 1311 775; x_wconf 89' lang='lat' dir='ltr'><strong>interpone·</strong></span> 
     </span>
     <span class='ocr_line' id='line_1_6' title="bbox 167 777 1311 849; baseline -0.01 -11"><span class='ocrx_word' id='word_1_48' title='bbox 167 793 218 849; x_wconf 89' lang='lat' dir='ltr'><strong>ret,</strong></span> <span class='ocrx_word' id='word_1_49' title='bbox 238 801 298 834; x_wconf 93' lang='lat' dir='ltr'><strong>cum</strong></span> <span class='ocrx_word' id='word_1_50' title='bbox 319 785 374 832; x_wconf 89' lang='lat' dir='ltr'><strong>iam</strong></span> <span class='ocrx_word' id='word_1_51' title='bbox 393 796 486 830; x_wconf 89' lang='lat' dir='ltr'><strong>mense</strong></span> <span class='ocrx_word' id='word_1_52' title='bbox 504 780 656 830; x_wconf 81' lang='lat' dir='ltr'><strong>Februario</strong></span> <span class='ocrx_word' id='word_1_53' title='bbox 681 779 741 829; x_wconf 91' lang='lat' dir='ltr'><strong>dies</strong></span> <span class='ocrx_word' id='word_1_54' title='bbox 764 784 821 828; x_wconf 90' lang='lat' dir='ltr'><strong>tres</strong></span> <span class='ocrx_word' id='word_1_55' title='bbox 841 784 870 828; x_wconf 89' lang='lat' dir='ltr'><strong>et</strong></span> <span class='ocrx_word' id='word_1_56' title='bbox 887 778 987 844; x_wconf 89' lang='lat' dir='ltr'><strong>uiginti</strong></span> <span class='ocrx_word' id='word_1_57' title='bbox 1007 778 1215 837; x_wconf 64' lang='lat' dir='ltr'><strong>interemisset,</strong></span> <span class='ocrx_word' id='word_1_58' title='bbox 1235 777 1311 826; x_wconf 80' lang='lat' dir='ltr'><strong>tacc-</strong></span> 
     </span>
     <span class='ocr_line' id='line_1_7' title="bbox 167 843 1312 918; baseline -0.01 -14"><span class='ocrx_word' id='word_1_59' title='bbox 167 860 262 918; x_wconf 91' lang='lat' dir='ltr'><strong>retque</strong></span> <span class='ocrx_word' id='word_1_60' title='bbox 282 867 342 899; x_wconf 90' lang='lat' dir='ltr'><strong>eum</strong></span> <span class='ocrx_word' id='word_1_61' title='bbox 362 864 462 898; x_wconf 78' lang='lat' dir='ltr'><strong>artuum</strong></span> <span class='ocrx_word' id='word_1_62' title='bbox 480 848 585 897; x_wconf 90' lang='lat' dir='ltr'><strong>diarum</strong></span> <span class='ocrx_word' id='word_1_63' title='bbox 603 844 837 906; x_wconf 57' lang='lat' dir='ltr'><strong>(foccxxxxv,</strong></span> <span class='ocrx_word' id='word_1_64' title='bbox 861 843 941 895; x_wconf 91' lang='lat' dir='ltr'><strong>simul</strong></span> <span class='ocrx_word' id='word_1_65' title='bbox 965 845 1114 910; x_wconf 86' lang='lat' dir='ltr'><strong>prouidens</strong></span> <span class='ocrx_word' id='word_1_66' title='bbox 1137 845 1167 894; x_wconf 94' lang='lat' dir='ltr'><strong>in</strong></span> <span class='ocrx_word' id='word_1_67' title='bbox 1191 846 1312 894; x_wconf 81' lang='lat' dir='ltr'><strong>futurum</strong></span> 
     </span>
     <span class='ocr_line' id='line_1_8' title="bbox 166 911 1312 971; baseline -0.009 0"><span class='ocrx_word' id='word_1_68' title='bbox 166 940 201 971; x_wconf 90' lang='lat' dir='ltr'><strong>ne</strong></span> <span class='ocrx_word' id='word_1_69' title='bbox 220 923 318 969; x_wconf 90' lang='lat' dir='ltr'><strong>iterum</strong></span> <span class='ocrx_word' id='word_1_70' title='bbox 337 922 488 967; x_wconf 80' lang='lat' dir='ltr'><strong>erraretur:</strong></span> <span class='ocrx_word' id='word_1_71' title='bbox 507 931 571 964; x_wconf 89' lang='lat' dir='ltr'><strong>nam</strong></span> <span class='ocrx_word' id='word_1_72' title='bbox 589 914 768 964; x_wconf 85' lang='lat' dir='ltr'><strong>intercalario</strong></span> <span class='ocrx_word' id='word_1_73' title='bbox 787 928 880 963; x_wconf 89' lang='lat' dir='ltr'><strong>mense</strong></span> <span class='ocrx_word' id='word_1_74' title='bbox 898 912 1008 963; x_wconf 87' lang='lat' dir='ltr'><strong>sublato</strong></span> <span class='ocrx_word' id='word_1_75' title='bbox 1027 928 1126 962; x_wconf 89' lang='lat' dir='ltr'><strong>aunum</strong></span> <span class='ocrx_word' id='word_1_76' title='bbox 1145 912 1259 962; x_wconf 88' lang='lat' dir='ltr'><strong>ciuilem</strong></span> <span class='ocrx_word' id='word_1_77' title='bbox 1278 911 1312 961; x_wconf 86' lang='lat' dir='ltr'><strong>ed</strong></span> 
     </span>
     <span class='ocr_line' id='line_1_9' title="bbox 166 980 1313 1046; baseline -0.01 -7"><span class='ocrx_word' id='word_1_78' title='bbox 166 989 233 1039; x_wconf 90' lang='lat' dir='ltr'><strong>solis</strong></span> <span class='ocrx_word' id='word_1_79' title='bbox 246 1000 354 1037; x_wconf 86' lang='lat' dir='ltr'><strong>enrsrnu</strong></span> <span class='ocrx_word' id='word_1_80' title='bbox 366 983 505 1033; x_wconf 83' lang='lat' dir='ltr'><strong>formauit.</strong></span> <span class='ocrx_word' id='word_1_81' title='bbox 518 980 543 1031; x_wconf 77' lang='lat' dir='ltr'><strong>t).</strong></span> <span class='ocrx_word' id='word_1_82' title='bbox 555 982 649 1046; x_wconf 90' lang='lat' dir='ltr'><strong>itaquo</strong></span> <span class='ocrx_word' id='word_1_83' title='bbox 662 981 760 1030; x_wconf 90' lang='lat' dir='ltr'><strong>diebus</strong></span> <span class='ocrx_word' id='word_1_84' title='bbox 773 980 892 1030; x_wconf 83' lang='lat' dir='ltr'>CCCLV</span> <span class='ocrx_word' id='word_1_85' title='bbox 904 980 1012 1029; x_wconf 83' lang='lat' dir='ltr'><strong>addidit</strong></span> <span class='ocrx_word' id='word_1_86' title='bbox 1023 981 1057 1039; x_wconf 86' lang='lat' dir='ltr'><strong>X,</strong></span> <span class='ocrx_word' id='word_1_87' title='bbox 1068 995 1193 1045; x_wconf 89' lang='lat' dir='ltr'><strong>quospar</strong></span> <span class='ocrx_word' id='word_1_88' title='bbox 1206 984 1313 1044; x_wconf 80' lang='lat' dir='ltr'><strong>septem</strong></span> 
     </span>
     <span class='ocr_line' id='line_1_10' title="bbox 167 1048 1314 1116; baseline -0.008 -11"><span class='ocrx_word' id='word_1_89' title='bbox 167 1070 284 1115; x_wconf 90' lang='lat' dir='ltr'><strong>menses,</strong></span> <span class='ocrx_word' id='word_1_90' title='bbox 305 1053 350 1116; x_wconf 92' lang='lat' dir='ltr'><strong>qui</strong></span> <span class='ocrx_word' id='word_1_91' title='bbox 369 1050 429 1101; x_wconf 90' lang='lat' dir='ltr'><strong>dics</strong></span> <span class='ocrx_word' id='word_1_92' title='bbox 447 1049 641 1099; x_wconf 82' lang='lat' dir='ltr'><strong>undetricenos</strong></span> <span class='ocrx_word' id='word_1_93' title='bbox 659 1049 816 1109; x_wconf 88' lang='lat' dir='ltr'><strong>habebant,</strong></span> <span class='ocrx_word' id='word_1_94' title='bbox 841 1048 882 1097; x_wconf 89' lang='lat' dir='ltr'><strong>ita</strong></span> <span class='ocrx_word' id='word_1_95' title='bbox 900 1048 1054 1107; x_wconf 84' lang='lat' dir='ltr'><strong>distribuit,</strong></span> <span class='ocrx_word' id='word_1_96' title='bbox 1080 1053 1111 1097; x_wconf 92' lang='lat' dir='ltr'><strong>nt</strong></span> <span class='ocrx_word' id='word_1_97' title='bbox 1133 1048 1267 1099; x_wconf 87' lang='lat' dir='ltr'><strong>Ianuario</strong></span> <span class='ocrx_word' id='word_1_98' title='bbox 1284 1051 1314 1096; x_wconf 90' lang='lat' dir='ltr'><strong>et</strong></span> 
     </span>
     <span class='ocr_line' id='line_1_11' title="bbox 169 1115 1313 1180; baseline -0.007 -7"><span class='ocrx_word' id='word_1_99' title='bbox 169 1121 268 1174; x_wconf 75' lang='lat' dir='ltr'><strong>Sextili</strong></span> <span class='ocrx_word' id='word_1_100' title='bbox 288 1125 316 1170; x_wconf 91' lang='lat' dir='ltr'><strong>et</strong></span> <span class='ocrx_word' id='word_1_101' title='bbox 333 1117 481 1169; x_wconf 88' lang='lat' dir='ltr'><strong>Decembri</strong></span> <span class='ocrx_word' id='word_1_102' title='bbox 499 1117 559 1166; x_wconf 88' lang='lat' dir='ltr'><strong>bini</strong></span> <span class='ocrx_word' id='word_1_103' title='bbox 577 1116 753 1177; x_wconf 79' lang='lat' dir='ltr'><strong>accederent,</strong></span> <span class='ocrx_word' id='word_1_104' title='bbox 772 1115 873 1165; x_wconf 85' lang='lat' dir='ltr'><strong>catoris</strong></span> <span class='ocrx_word' id='word_1_105' title='bbox 886 1115 1001 1180; x_wconf 78' lang='lat' dir='ltr'><strong>singuli3</strong></span> <span class='ocrx_word' id='word_1_106' title='bbox 1017 1130 1121 1180; x_wconf 82' lang='lat' dir='ltr'><strong>eosque</strong></span> <span class='ocrx_word' id='word_1_107' title='bbox 1140 1115 1203 1166; x_wconf 88' lang='lat' dir='ltr'><strong>dics</strong></span> <span class='ocrx_word' id='word_1_108' title='bbox 1223 1119 1313 1166; x_wconf 83' lang='lat' dir='ltr'><strong>extre·</strong></span> 
     </span>
     <span class='ocr_line' id='line_1_12' title="bbox 167 1181 1312 1254; baseline -0.009 -13"><span class='ocrx_word' id='word_1_109' title='bbox 167 1192 219 1241; x_wconf 88' lang='lat' dir='ltr'><strong>mis</strong></span> <span class='ocrx_word' id='word_1_110' title='bbox 231 1187 357 1254; x_wconf 90' lang='lat' dir='ltr'><strong>partibus</strong></span> <span class='ocrx_word' id='word_1_111' title='bbox 370 1200 492 1234; x_wconf 88' lang='lat' dir='ltr'><strong>mensum</strong></span> <span class='ocrx_word' id='word_1_112' title='bbox 506 1184 642 1249; x_wconf 78' lang='lat' dir='ltr'><strong>adposuit,</strong></span> <span class='ocrx_word' id='word_1_113' title='bbox 662 1200 697 1233; x_wconf 90' lang='lat' dir='ltr'><strong>ne</strong></span> <span class='ocrx_word' id='word_1_114' title='bbox 719 1183 830 1233; x_wconf 87' lang='lat' dir='ltr'><strong>scilieet</strong></span> <span class='ocrx_word' id='word_1_115' title='bbox 852 1181 1004 1246; x_wconf 80' lang='lat' dir='ltr'><strong>religiones</strong></span> <span class='ocrx_word' id='word_1_116' title='bbox 1023 1183 1065 1233; x_wconf 90' lang='lat' dir='ltr'><strong>sui</strong></span> <span class='ocrx_word' id='word_1_117' title='bbox 1084 1183 1218 1247; x_wconf 87' lang='lat' dir='ltr'><strong>cuiusque</strong></span> <span class='ocrx_word' id='word_1_118' title='bbox 1237 1197 1312 1231; x_wconf 90' lang='lat' dir='ltr'><strong>mea-</strong></span> 
     </span>
     <span class='ocr_line' id='line_1_13' title="bbox 167 1249 1314 1316; baseline -0.008 -9"><span class='ocrx_word' id='word_1_119' title='bbox 167 1259 206 1308; x_wconf 87' lang='lat' dir='ltr'><strong>sis</strong></span> <span class='ocrx_word' id='word_1_120' title='bbox 220 1273 236 1306; x_wconf 90' lang='lat' dir='ltr'><strong>a</strong></span> <span class='ocrx_word' id='word_1_121' title='bbox 252 1255 314 1305; x_wconf 92' lang='lat' dir='ltr'><strong>loco</strong></span> <span class='ocrx_word' id='word_1_122' title='bbox 332 1257 575 1303; x_wconf 76' lang='lat' dir='ltr'><strong>commonerentur.</strong></span> <span class='ocrx_word' id='word_1_123' title='bbox 606 1250 646 1301; x_wconf 90' lang='lat'><strong>10.</strong></span> <span class='ocrx_word' id='word_1_124' title='bbox 665 1255 831 1316; x_wconf 88' lang='lat' dir='ltr'><strong>quapropter</strong></span> <span class='ocrx_word' id='word_1_125' title='bbox 847 1264 919 1299; x_wconf 86' lang='lat' dir='ltr'><strong>nnnc</strong></span> <span class='ocrx_word' id='word_1_126' title='bbox 932 1265 994 1299; x_wconf 90' lang='lat' dir='ltr'><strong>cnm</strong></span> <span class='ocrx_word' id='word_1_127' title='bbox 1006 1251 1035 1299; x_wconf 90' lang='lat' dir='ltr'><strong>in</strong></span> <span class='ocrx_word' id='word_1_128' title='bbox 1053 1256 1160 1316; x_wconf 84' lang='lat' dir='ltr'><strong>septem</strong></span> <span class='ocrx_word' id='word_1_129' title='bbox 1172 1249 1314 1299; x_wconf 84' lang='lat' dir='ltr'><strong>mensibus</strong></span> 
     </span>
     <span class='ocr_line' id='line_1_14' title="bbox 168 1316 1313 1387; baseline -0.007 -13"><span class='ocrx_word' id='word_1_130' title='bbox 168 1326 228 1374; x_wconf 91' lang='lat' dir='ltr'><strong>dies</strong></span> <span class='ocrx_word' id='word_1_131' title='bbox 246 1322 350 1387; x_wconf 80' lang='lat' dir='ltr'><strong>singuli</strong></span> <span class='ocrx_word' id='word_1_132' title='bbox 368 1325 397 1370; x_wconf 92' lang='lat' dir='ltr'><strong>ot</strong></span> <span class='ocrx_word' id='word_1_133' title='bbox 415 1320 515 1369; x_wconf 88' lang='lat' dir='ltr'><strong>triceni</strong></span> <span class='ocrx_word' id='word_1_134' title='bbox 535 1320 600 1379; x_wconf 89' lang='lat' dir='ltr'><strong>sint,</strong></span> <span class='ocrx_word' id='word_1_135' title='bbox 620 1324 750 1383; x_wconf 88' lang='lat' dir='ltr'><strong>quattuor</strong></span> <span class='ocrx_word' id='word_1_136' title='bbox 767 1323 861 1367; x_wconf 88' lang='lat' dir='ltr'><strong>tamen</strong></span> <span class='ocrx_word' id='word_1_137' title='bbox 879 1316 921 1366; x_wconf 92' lang='lat' dir='ltr'><strong>illi</strong></span> <span class='ocrx_word' id='word_1_138' title='bbox 939 1317 981 1366; x_wconf 85' lang='lat' dir='ltr'><strong>ita</strong></span> <span class='ocrx_word' id='word_1_139' title='bbox 998 1318 1125 1382; x_wconf 88' lang='lat' dir='ltr'><strong>primitas</strong></span> <span class='ocrx_word' id='word_1_140' title='bbox 1138 1317 1262 1367; x_wconf 89' lang='lat' dir='ltr'><strong>instituti</strong></span> <span class='ocrx_word' id='word_1_141' title='bbox 1280 1332 1313 1367; x_wconf 87' lang='lat' dir='ltr'><strong>eo</strong></span> 
     </span>
     <span class='ocr_line' id='line_1_15' title="bbox 168 1382 1314 1452; baseline -0.008 -10"><span class='ocrx_word' id='word_1_142' title='bbox 168 1393 346 1442; x_wconf 90' lang='lat' dir='ltr'><strong>dinoscuntur</strong></span> <span class='ocrx_word' id='word_1_143' title='bbox 364 1386 434 1452; x_wconf 91' lang='lat' dir='ltr'><strong>qnod</strong></span> <span class='ocrx_word' id='word_1_144' title='bbox 452 1402 540 1437; x_wconf 89' lang='lat' dir='ltr'><strong>nouas</strong></span> <span class='ocrx_word' id='word_1_145' title='bbox 557 1386 663 1436; x_wconf 89' lang='lat' dir='ltr'><strong>babent</strong></span> <span class='ocrx_word' id='word_1_146' title='bbox 680 1386 864 1452; x_wconf 87' lang='lat' dir='ltr'><strong>septimanas,</strong></span> <span class='ocrx_word' id='word_1_147' title='bbox 890 1385 979 1435; x_wconf 88' lang='lat' dir='ltr'><strong>ceteri</strong></span> <span class='ocrx_word' id='word_1_148' title='bbox 1003 1390 1060 1435; x_wconf 88' lang='lat' dir='ltr'><strong>tres</strong></span> <span class='ocrx_word' id='word_1_149' title='bbox 1082 1399 1231 1449; x_wconf 89' lang='lat' dir='ltr'><strong>omnesque</strong></span> <span class='ocrx_word' id='word_1_150' title='bbox 1249 1382 1314 1433; x_wconf 89' lang='lat' dir='ltr'><strong>reli-</strong></span> 
     </span>
     <span class='ocr_line' id='line_1_16' title="bbox 170 1451 1314 1524; baseline -0.006 -16"><span class='ocrx_word' id='word_1_151' title='bbox 170 1460 216 1524; x_wconf 91' lang='lat' dir='ltr'><strong>qui</strong></span> <span class='ocrx_word' id='word_1_152' title='bbox 234 1458 391 1523; x_wconf 88' lang='lat' dir='ltr'><strong>quiutanas.</strong></span> <span class='ocrx_word' id='word_1_153' title='bbox 427 1460 576 1519; x_wconf 90' lang='lat' dir='ltr'><strong>praeterea</strong></span> <span class='ocrx_word' id='word_1_154' title='bbox 593 1470 641 1519; x_wconf 91' lang='lat' dir='ltr'><strong>pro</strong></span> <span class='ocrx_word' id='word_1_155' title='bbox 660 1452 812 1518; x_wconf 80' lang='lat' dir='ltr'><strong>quadrante</strong></span> <span class='ocrx_word' id='word_1_156' title='bbox 831 1453 888 1502; x_wconf 91' lang='lat' dir='ltr'><strong>diei</strong></span> <span class='ocrx_word' id='word_1_157' title='bbox 907 1453 954 1516; x_wconf 88' lang='lat' dir='ltr'><strong>qui</strong></span> <span class='ocrx_word' id='word_1_158' title='bbox 972 1467 1073 1502; x_wconf 87' lang='lat' dir='ltr'><strong>anuum</strong></span> <span class='ocrx_word' id='word_1_159' title='bbox 1091 1467 1188 1502; x_wconf 88' lang='lat' dir='ltr'><strong>nerum</strong></span> <span class='ocrx_word' id='word_1_160' title='bbox 1204 1451 1314 1518; x_wconf 86' lang='lat' dir='ltr'><strong>supple·</strong></span> 
     </span>
     <span class='ocr_line' id='line_1_17' title="bbox 168 1518 1314 1586; baseline -0.007 -10"><span class='ocrx_word' id='word_1_161' title='bbox 168 1533 244 1576; x_wconf 91' lang='lat' dir='ltr'><strong>turus</strong></span> <span class='ocrx_word' id='word_1_162' title='bbox 261 1524 409 1574; x_wconf 89' lang='lat' dir='ltr'><strong>uidebatur</strong></span> <span class='ocrx_word' id='word_1_163' title='bbox 428 1523 550 1571; x_wconf 89' lang='lat' dir='ltr'><strong>institnit</strong></span> <span class='ocrx_word' id='word_1_164' title='bbox 567 1526 597 1569; x_wconf 92' lang='lat' dir='ltr'><strong>ut</strong></span> <span class='ocrx_word' id='word_1_165' title='bbox 615 1528 729 1586; x_wconf 90' lang='lat' dir='ltr'><strong>peracto</strong></span> <span class='ocrx_word' id='word_1_166' title='bbox 749 1519 923 1585; x_wconf 90' lang='lat' dir='ltr'><strong>quadriennii</strong></span> <span class='ocrx_word' id='word_1_167' title='bbox 942 1520 1060 1569; x_wconf 90' lang='lat' dir='ltr'><strong>circuitu</strong></span> <span class='ocrx_word' id='word_1_168' title='bbox 1083 1519 1144 1569; x_wconf 90' lang='lat' dir='ltr'><strong>dies</strong></span> <span class='ocrx_word' id='word_1_169' title='bbox 1162 1534 1248 1581; x_wconf 90' lang='lat' dir='ltr'><strong>unns,</strong></span> <span class='ocrx_word' id='word_1_170' title='bbox 1266 1518 1314 1569; x_wconf 89' lang='lat' dir='ltr'><strong>nbi</strong></span> 
     </span>
     <span class='ocr_line' id='line_1_18' title="bbox 168 1587 1315 1656; baseline -0.007 -12"><span class='ocrx_word' id='word_1_171' title='bbox 168 1594 271 1644; x_wconf 88' lang='lat' dir='ltr'><strong>mensis</strong></span> <span class='ocrx_word' id='word_1_172' title='bbox 290 1590 425 1656; x_wconf 90' lang='lat' dir='ltr'><strong>quondam</strong></span> <span class='ocrx_word' id='word_1_173' title='bbox 443 1589 560 1645; x_wconf 82' lang='lat' dir='ltr'><strong>solebat.</strong></span> <span class='ocrx_word' id='word_1_174' title='bbox 580 1595 643 1653; x_wconf 90' lang='lat' dir='ltr'><strong>post</strong></span> <span class='ocrx_word' id='word_1_175' title='bbox 660 1588 817 1638; x_wconf 89' lang='lat' dir='ltr'><strong>terminalia</strong></span> <span class='ocrx_word' id='word_1_176' title='bbox 835 1587 1057 1647; x_wconf 73' lang='lat' dir='ltr'><strong>intercalaretur,</strong></span> <span class='ocrx_word' id='word_1_177' title='bbox 1078 1587 1149 1652; x_wconf 93' lang='lat' dir='ltr'><strong>qnod</strong></span> <span class='ocrx_word' id='word_1_178' title='bbox 1167 1603 1242 1636; x_wconf 92' lang='lat' dir='ltr'><strong>nnnc</strong></span> <span class='ocrx_word' id='word_1_179' title='bbox 1259 1587 1315 1636; x_wconf 87' lang='lat' dir='ltr'><strong>bis·</strong></span> 
     </span>
     <span class='ocr_line' id='line_1_19' title="bbox 169 1653 1316 1712; baseline -0.008 0"><span class='ocrx_word' id='word_1_180' title='bbox 169 1666 275 1712; x_wconf 85' lang='lat' dir='ltr'><strong>sextum</strong></span> <span class='ocrx_word' id='word_1_181' title='bbox 288 1663 411 1707; x_wconf 89' lang='lat' dir='ltr'><strong>uocatur.</strong></span> <span class='ocrx_word' id='word_1_182' title='bbox 442 1655 480 1705; x_wconf 93' lang='lat' dir='ltr'><strong>ll.</strong></span> <span class='ocrx_word' id='word_1_183' title='bbox 501 1672 535 1705; x_wconf 83' lang='lat' dir='ltr'><strong>ex</strong></span> <span class='ocrx_word' id='word_1_184' title='bbox 554 1656 606 1705; x_wconf 92' lang='lat' dir='ltr'><strong>hoe</strong></span> <span class='ocrx_word' id='word_1_185' title='bbox 625 1671 697 1706; x_wconf 89' lang='lat' dir='ltr'><strong>anno</strong></span> <span class='ocrx_word' id='word_1_186' title='bbox 711 1656 753 1705; x_wconf 87' lang='lat' dir='ltr'><strong>ita</strong></span> <span class='ocrx_word' id='word_1_187' title='bbox 771 1655 871 1705; x_wconf 91' lang='lat' dir='ltr'><strong>alulio</strong></span> <span class='ocrx_word' id='word_1_188' title='bbox 884 1655 1006 1706; x_wconf 77' lang='lat' dir='ltr'><strong>Caesare</strong></span> <span class='ocrx_word' id='word_1_189' title='bbox 1026 1654 1153 1705; x_wconf 89' lang='lat' dir='ltr'><strong>ordinato</strong></span> <span class='ocrx_word' id='word_1_190' title='bbox 1173 1655 1262 1705; x_wconf 89' lang='lat' dir='ltr'><strong>ceteri</strong></span> <span class='ocrx_word' id='word_1_191' title='bbox 1280 1653 1316 1703; x_wconf 81' lang='lat' dir='ltr'><strong>ad</strong></span> 
     </span>
     <span class='ocr_line' id='line_1_20' title="bbox 170 1722 1315 1788; baseline -0.006 -10"><span class='ocrx_word' id='word_1_192' title='bbox 170 1734 290 1778; x_wconf 88' lang='lat' dir='ltr'><strong>nostram</strong></span> <span class='ocrx_word' id='word_1_193' title='bbox 309 1725 468 1774; x_wconf 90' lang='lat' dir='ltr'><strong>memoriam</strong></span> <span class='ocrx_word' id='word_1_194' title='bbox 487 1723 588 1772; x_wconf 87' lang='lat' dir='ltr'><strong>Iuliani</strong></span> <span class='ocrx_word' id='word_1_195' title='bbox 607 1722 791 1788; x_wconf 88' lang='lat' dir='ltr'><strong>appellantur,</strong></span> <span class='ocrx_word' id='word_1_196' title='bbox 810 1724 885 1787; x_wconf 91' lang='lat' dir='ltr'><strong>iique</strong></span> <span class='ocrx_word' id='word_1_197' title='bbox 899 1726 1068 1787; x_wconf 88' lang='lat' dir='ltr'><strong>consurgunt</strong></span> <span class='ocrx_word' id='word_1_198' title='bbox 1086 1737 1119 1771; x_wconf 83' lang='lat' dir='ltr'><strong>ex</strong></span> <span class='ocrx_word' id='word_1_199' title='bbox 1132 1727 1231 1787; x_wconf 87' lang='lat' dir='ltr'><strong>quarto</strong></span> <span class='ocrx_word' id='word_1_200' title='bbox 1244 1722 1315 1771; x_wconf 85' lang='lat' dir='ltr'><strong>Cae·</strong></span> 
     </span>
     <span class='ocr_line' id='line_1_21' title="bbox 169 1790 1316 1856; baseline -0.007 -10"><span class='ocrx_word' id='word_1_201' title='bbox 169 1796 240 1846; x_wconf 87' lang='lat' dir='ltr'><strong>saris</strong></span> <span class='ocrx_word' id='word_1_202' title='bbox 259 1792 412 1844; x_wconf 87' lang='lat' dir='ltr'><strong>consulatu.</strong></span> <span class='ocrx_word' id='word_1_203' title='bbox 449 1792 496 1856; x_wconf 87' lang='lat' dir='ltr'><strong>qni</strong></span> <span class='ocrx_word' id='word_1_204' title='bbox 513 1790 623 1840; x_wconf 85' lang='lat' dir='ltr'><strong>ctianrsi</strong></span> <span class='ocrx_word' id='word_1_205' title='bbox 641 1792 744 1855; x_wconf 88' lang='lat' dir='ltr'><strong>optimc</strong></span> <span class='ocrx_word' id='word_1_206' title='bbox 763 1807 817 1839; x_wconf 93' lang='lat' dir='ltr'><strong>non</strong></span> <span class='ocrx_word' id='word_1_207' title='bbox 835 1790 887 1840; x_wconf 92' lang='lat' dir='ltr'><strong>soli</strong></span> <span class='ocrx_word' id='word_1_208' title='bbox 910 1796 1005 1841; x_wconf 85' lang='lat' dir='ltr'><strong>tamen</strong></span> <span class='ocrx_word' id='word_1_209' title='bbox 1023 1790 1059 1840; x_wconf 89' lang='lat' dir='ltr'><strong>ad</strong></span> <span class='ocrx_word' id='word_1_210' title='bbox 1077 1804 1179 1839; x_wconf 90' lang='lat' dir='ltr'><strong>anunm</strong></span> <span class='ocrx_word' id='word_1_211' title='bbox 1197 1794 1316 1840; x_wconf 85' lang='lat' dir='ltr'><strong>naturae</strong></span> 
     </span>
     <span class='ocr_line' id='line_1_22' title="bbox 170 1857 1315 1927; baseline -0.005 -15"><span class='ocrx_word' id='word_1_212' title='bbox 170 1862 260 1927; x_wconf 89' lang='lat' dir='ltr'><strong>aptati</strong></span> <span class='ocrx_word' id='word_1_213' title='bbox 278 1863 354 1909; x_wconf 89' lang='lat' dir='ltr'><strong>suut:</strong></span> <span class='ocrx_word' id='word_1_214' title='bbox 379 1874 442 1908; x_wconf 93' lang='lat' dir='ltr'><strong>uam</strong></span> <span class='ocrx_word' id='word_1_215' title='bbox 461 1863 489 1907; x_wconf 91' lang='lat' dir='ltr'><strong>et</strong></span> <span class='ocrx_word' id='word_1_216' title='bbox 506 1858 611 1922; x_wconf 87' lang='lat' dir='ltr'><strong>priores</strong></span> <span class='ocrx_word' id='word_1_217' title='bbox 631 1859 710 1919; x_wconf 86' lang='lat' dir='ltr'><strong>anni,</strong></span> <span class='ocrx_word' id='word_1_218' title='bbox 735 1859 820 1908; x_wconf 90' lang='lat' dir='ltr'><strong>etiam</strong></span> <span class='ocrx_word' id='word_1_219' title='bbox 844 1859 868 1908; x_wconf 92' lang='lat' dir='ltr'><strong>si</strong></span> <span class='ocrx_word' id='word_1_220' title='bbox 891 1858 938 1922; x_wconf 90' lang='lat' dir='ltr'><strong>qui</strong></span> <span class='ocrx_word' id='word_1_221' title='bbox 960 1858 1175 1909; x_wconf 87' lang='lat' dir='ltr'><strong>deeemmeatrea</strong></span> <span class='ocrx_word' id='word_1_222' title='bbox 1193 1857 1315 1917; x_wconf 84' lang='lat' dir='ltr'><strong>fuerunt,</strong></span> 
     </span>
     <span class='ocr_line' id='line_1_23' title="bbox 169 1925 1317 1990; baseline -0.005 -11"><span class='ocrx_word' id='word_1_223' title='bbox 169 1944 221 1979; x_wconf 91' lang='lat' dir='ltr'><strong>aec</strong></span> <span class='ocrx_word' id='word_1_224' title='bbox 239 1928 343 1977; x_wconf 85' lang='lat' dir='ltr'><strong>Romae</strong></span> <span class='ocrx_word' id='word_1_225' title='bbox 367 1925 447 1975; x_wconf 90' lang='lat' dir='ltr'><strong>modo</strong></span> <span class='ocrx_word' id='word_1_226' title='bbox 469 1925 513 1975; x_wconf 91' lang='lat' dir='ltr'><strong>uel</strong></span> <span class='ocrx_word' id='word_1_227' title='bbox 536 1941 587 1990; x_wconf 88' lang='lat' dir='ltr'><strong>per</strong></span> <span class='ocrx_word' id='word_1_228' title='bbox 605 1925 717 1975; x_wconf 84' lang='lat' dir='ltr'><strong>ltaliam</strong></span> <span class='ocrx_word' id='word_1_229' title='bbox 735 1925 784 1975; x_wconf 90' lang='lat' dir='ltr'><strong>sed</strong></span> <span class='ocrx_word' id='word_1_230' title='bbox 808 1931 837 1974; x_wconf 89' lang='lat' dir='ltr'><strong>ot</strong></span> <span class='ocrx_word' id='word_1_231' title='bbox 860 1925 934 1990; x_wconf 90' lang='lat' dir='ltr'><strong>apud</strong></span> <span class='ocrx_word' id='word_1_232' title='bbox 953 1931 1052 1990; x_wconf 86' lang='lat' dir='ltr'><strong>gentes</strong></span> <span class='ocrx_word' id='word_1_233' title='bbox 1070 1940 1165 1975; x_wconf 91' lang='lat' dir='ltr'><strong>omnes</strong></span> <span class='ocrx_word' id='word_1_234' title='bbox 1184 1928 1317 1990; x_wconf 90' lang='lat' dir='ltr'><strong>quantum</strong></span> 
     </span>
     <span class='ocr_line' id='line_1_24' title="bbox 98 1992 1317 2061; baseline -0.004 -15"><span class='ocrx_word' id='word_1_235' title='bbox 98 1996 102 2002; x_wconf 85' lang='lat'>&#39;</span> <span class='ocrx_word' id='word_1_236' title='bbox 169 1999 279 2061; x_wconf 88' lang='lat' dir='ltr'><strong>poterat</strong></span> <span class='ocrx_word' id='word_1_237' title='bbox 297 1995 363 2043; x_wconf 90' lang='lat' dir='ltr'><strong>item</strong></span> <span class='ocrx_word' id='word_1_238' title='bbox 380 1992 490 2041; x_wconf 85' lang='lat' dir='ltr'><strong>iuenmt</strong></span> <span class='ocrx_word' id='word_1_239' title='bbox 503 1994 631 2043; x_wconf 85' lang='lat' dir='ltr'><strong>correcti.</strong></span> <span class='ocrx_word' id='word_1_240' title='bbox 661 1993 700 2041; x_wconf 79' lang='lat'><strong>12.</strong></span> <span class='ocrx_word' id='word_1_241' title='bbox 716 1994 811 2056; x_wconf 89' lang='lat' dir='ltr'><strong>itaque</strong></span> <span class='ocrx_word' id='word_1_242' title='bbox 824 2008 884 2042; x_wconf 91' lang='lat' dir='ltr'><strong>eum</strong></span> <span class='ocrx_word' id='word_1_243' title='bbox 898 1992 932 2042; x_wconf 89' lang='lat' dir='ltr'><strong>do</strong></span> <span class='ocrx_word' id='word_1_244' title='bbox 946 1993 1038 2058; x_wconf 88' lang='lat' dir='ltr'><strong>aliquo</strong></span> <span class='ocrx_word' id='word_1_245' title='bbox 1058 2007 1189 2042; x_wconf 88' lang='lat' dir='ltr'><strong>annornm</strong></span> <span class='ocrx_word' id='word_1_246' title='bbox 1201 2006 1317 2043; x_wconf 89' lang='lat' dir='ltr'><strong>numero</strong></span> 
     </span>
     <span class='ocr_line' id='line_1_25' title="bbox 170 2059 1323 2126; baseline -0.003 -14"><span class='ocrx_word' id='word_1_247' title='bbox 170 2063 215 2112; x_wconf 90' lang='lat' dir='ltr'><strong>lrie</strong></span> <span class='ocrx_word' id='word_1_248' title='bbox 234 2062 342 2111; x_wconf 89' lang='lat' dir='ltr'><strong>dicetur</strong></span> <span class='ocrx_word' id='word_1_249' title='bbox 365 2076 418 2110; x_wconf 92' lang='lat' dir='ltr'><strong>uon</strong></span> <span class='ocrx_word' id='word_1_250' title='bbox 443 2059 513 2109; x_wconf 88' lang='lat' dir='ltr'><strong>alios</strong></span> <span class='ocrx_word' id='word_1_251' title='bbox 536 2075 586 2124; x_wconf 86' lang='lat' dir='ltr'><strong>par</strong></span> <span class='ocrx_word' id='word_1_252' title='bbox 610 2060 664 2108; x_wconf 90' lang='lat' dir='ltr'><strong>erit</strong></span> <span class='ocrx_word' id='word_1_253' title='bbox 686 2076 767 2124; x_wconf 89' lang='lat' dir='ltr'><strong>quam</strong></span> <span class='ocrx_word' id='word_1_254' title='bbox 785 2059 928 2110; x_wconf 74' lang='lat' dir='ltr'><strong>naturales</strong></span> <span class='ocrx_word' id='word_1_255' title='bbox 951 2061 1091 2126; x_wconf 86' lang='lat' dir='ltr'><strong>accipere.</strong></span> <span class='ocrx_word' id='word_1_256' title='bbox 1126 2060 1166 2110; x_wconf 85' lang='lat' dir='ltr'><strong>Et</strong></span> <span class='ocrx_word' id='word_1_257' title='bbox 1187 2061 1213 2110; x_wconf 91' lang='lat' dir='ltr'><strong>si</strong></span> <span class='ocrx_word' id='word_1_258' title='bbox 1238 2059 1323 2124; x_wconf 75' lang='lat' dir='ltr'><strong>origo¹</strong></span> 
     </span>
     <span class='ocr_line' id='line_1_26' title="bbox 170 2127 1316 2189; baseline -0.003 -9"><span class='ocrx_word' id='word_1_259' title='bbox 170 2129 262 2180; x_wconf 89' lang='lat' dir='ltr'><strong>mnndi</strong></span> <span class='ocrx_word' id='word_1_260' title='bbox 281 2129 310 2177; x_wconf 90' lang='lat' dir='ltr'><strong>iu</strong></span> <span class='ocrx_word' id='word_1_261' title='bbox 327 2127 465 2177; x_wconf 86' lang='lat' dir='ltr'><strong>homiuum</strong></span> <span class='ocrx_word' id='word_1_262' title='bbox 487 2128 617 2177; x_wconf 87' lang='lat' dir='ltr'><strong>notitiam</strong></span> <span class='ocrx_word' id='word_1_263' title='bbox 634 2128 772 2189; x_wconf 88' lang='lat' dir='ltr'><strong>uenisset,</strong></span> <span class='ocrx_word' id='word_1_264' title='bbox 797 2128 861 2176; x_wconf 90' lang='lat' dir='ltr'><strong>inde</strong></span> <span class='ocrx_word' id='word_1_265' title='bbox 880 2128 1021 2177; x_wconf 86' lang='lat' dir='ltr'><strong>exordium</strong></span> <span class='ocrx_word' id='word_1_266' title='bbox 1038 2143 1221 2177; x_wconf 75' lang='lat' dir='ltr'><strong>sumeremusr</strong></span> <span class='ocrx_word' id='word_1_267' title='bbox 1240 2127 1316 2178; x_wconf 83' lang='lat' dir='ltr'>XXI.</span> 
     </span>
     <span class='ocr_line' id='line_1_27' title="bbox 170 2187 1317 2259; baseline -0.002 -12"><span class='ocrx_word' id='word_1_268' title='bbox 170 2213 243 2247; x_wconf 89' lang='lat' dir='ltr'><strong>nune</strong></span> <span class='ocrx_word' id='word_1_269' title='bbox 261 2211 326 2245; x_wconf 90' lang='lat' dir='ltr'><strong>noro</strong></span> <span class='ocrx_word' id='word_1_270' title='bbox 345 2195 373 2244; x_wconf 88' lang='lat' dir='ltr'><strong>id</strong></span> <span class='ocrx_word' id='word_1_271' title='bbox 391 2193 568 2244; x_wconf 89' lang='lat' dir='ltr'><strong>interuallum</strong></span> <span class='ocrx_word' id='word_1_272' title='bbox 586 2195 717 2259; x_wconf 88' lang='lat' dir='ltr'><strong>temporis</strong></span> <span class='ocrx_word' id='word_1_273' title='bbox 741 2195 869 2244; x_wconf 82' lang='lat' dir='ltr'><strong>tractabo</strong></span> <span class='ocrx_word' id='word_1_274' title='bbox 894 2194 965 2259; x_wconf 87' lang='lat' dir='ltr'><strong>quod</strong></span> <span class='ocrx_word' id='word_1_275' title='bbox 987 2187 1132 2258; x_wconf 74' lang='lat' dir='ltr'><strong>losopssds</strong></span> <span class='ocrx_word' id='word_1_276' title='bbox 1155 2195 1245 2245; x_wconf 85' lang='lat' dir='ltr'><strong>Varro</strong></span> <span class='ocrx_word' id='word_1_277' title='bbox 1269 2194 1317 2245; x_wconf 80' lang='lat' dir='ltr'><strong>sd·</strong></span> 
     </span>
     <span class='ocr_line' id='line_1_28' title="bbox 171 2262 1330 2333; baseline -0.002 -19"><span class='ocrx_word' id='word_1_278' title='bbox 171 2264 267 2330; x_wconf 89' lang='lat' dir='ltr'><strong>pellat.</strong></span> <span class='ocrx_word' id='word_1_279' title='bbox 303 2262 349 2312; x_wconf 90' lang='lat' dir='ltr'><strong>hie</strong></span> <span class='ocrx_word' id='word_1_280' title='bbox 369 2263 441 2313; x_wconf 90' lang='lat' dir='ltr'><strong>enim</strong></span> <span class='ocrx_word' id='word_1_281' title='bbox 460 2262 515 2313; x_wconf 91' lang='lat' dir='ltr'><strong>tria</strong></span> <span class='ocrx_word' id='word_1_282' title='bbox 533 2263 695 2313; x_wconf 90' lang='lat' dir='ltr'><strong>discrimina</strong></span> <span class='ocrx_word' id='word_1_283' title='bbox 713 2269 864 2327; x_wconf 88' lang='lat' dir='ltr'><strong>temporum</strong></span> <span class='ocrx_word' id='word_1_284' title='bbox 883 2278 945 2313; x_wconf 85' lang='lat' dir='ltr'><strong>esse</strong></span> <span class='ocrx_word' id='word_1_285' title='bbox 964 2263 1058 2321; x_wconf 91' lang='lat' dir='ltr'><strong>tradit,</strong></span> <span class='ocrx_word' id='word_1_286' title='bbox 1078 2265 1195 2328; x_wconf 92' lang='lat' dir='ltr'><strong>primum</strong></span> <span class='ocrx_word' id='word_1_287' title='bbox 1214 2263 1251 2313; x_wconf 89' lang='lat' dir='ltr'><strong>ab</strong></span> <span class='ocrx_word' id='word_1_288' title='bbox 1268 2262 1330 2333; x_wconf 12' lang='lat' dir='ltr'><strong>iro-y</strong></span> 
     </span>
     <span class='ocr_line' id='line_1_29' title="bbox 171 2328 1319 2396; baseline -0.002 -15"><span class='ocrx_word' id='word_1_289' title='bbox 171 2332 273 2381; x_wconf 89' lang='lat' dir='ltr'><strong>minum</strong></span> <span class='ocrx_word' id='word_1_290' title='bbox 295 2328 432 2395; x_wconf 91' lang='lat' dir='ltr'><strong>principio</strong></span> <span class='ocrx_word' id='word_1_291' title='bbox 457 2330 492 2379; x_wconf 91' lang='lat' dir='ltr'><strong>ad</strong></span> <span class='ocrx_word' id='word_1_292' title='bbox 515 2329 714 2392; x_wconf 82' lang='lat' dir='ltr'><strong>cataclysmum</strong></span> <span class='ocrx_word' id='word_1_293' title='bbox 737 2330 869 2395; x_wconf 88' lang='lat' dir='ltr'><strong>priorem,</strong></span> <span class='ocrx_word' id='word_1_294' title='bbox 900 2330 971 2394; x_wconf 89' lang='lat' dir='ltr'><strong>quod</strong></span> <span class='ocrx_word' id='word_1_295' title='bbox 993 2335 1106 2396; x_wconf 90' lang='lat' dir='ltr'><strong>propter</strong></span> <span class='ocrx_word' id='word_1_296' title='bbox 1128 2330 1319 2394; x_wconf 88' lang='lat' dir='ltr'><strong>ignorantiam</strong></span> 
     </span>
     <span class='ocr_line' id='line_1_30' title="bbox 169 2386 1317 2463; baseline -0.002 -14"><span class='ocrx_word' id='word_1_297' title='bbox 169 2404 287 2449; x_wconf 87' lang='lat' dir='ltr'><strong>uocatur</strong></span> <span class='ocrx_word' id='word_1_298' title='bbox 304 2386 423 2462; x_wconf 75' lang='grc' dir='ltr'><strong><em>ἄδηλον,</em></strong></span> <span class='ocrx_word' id='word_1_299' title='bbox 443 2397 592 2447; x_wconf 87' lang='lat' dir='ltr'><strong>secuudum</strong></span> <span class='ocrx_word' id='word_1_300' title='bbox 611 2414 628 2448; x_wconf 87' lang='lat' dir='ltr'><strong>a</strong></span> <span class='ocrx_word' id='word_1_301' title='bbox 647 2397 817 2461; x_wconf 81' lang='lat' dir='ltr'><strong>cataclysmo</strong></span> <span class='ocrx_word' id='word_1_302' title='bbox 835 2398 926 2462; x_wconf 90' lang='lat' dir='ltr'><strong>priore</strong></span> <span class='ocrx_word' id='word_1_303' title='bbox 940 2398 974 2447; x_wconf 90' lang='lat' dir='ltr'><strong>ad</strong></span> <span class='ocrx_word' id='word_1_304' title='bbox 986 2397 1171 2462; x_wconf 80' lang='lat' dir='ltr'><strong>olympiadem</strong></span> <span class='ocrx_word' id='word_1_305' title='bbox 1189 2398 1317 2463; x_wconf 87' lang='lat' dir='ltr'><strong>primam,</strong></span> 
     </span>
     <span class='ocr_line' id='line_1_31' title="bbox 172 2459 1319 2531; baseline -0.001 -15"><span class='ocrx_word' id='word_1_306' title='bbox 172 2466 243 2531; x_wconf 93' lang='lat' dir='ltr'><strong>qnod</strong></span> <span class='ocrx_word' id='word_1_307' title='bbox 262 2466 327 2530; x_wconf 89' lang='lat' dir='ltr'><strong>quia</strong></span> <span class='ocrx_word' id='word_1_308' title='bbox 345 2467 374 2514; x_wconf 90' lang='lat' dir='ltr'><strong>in</strong></span> <span class='ocrx_word' id='word_1_309' title='bbox 393 2480 425 2514; x_wconf 91' lang='lat' dir='ltr'><strong>co</strong></span> <span class='ocrx_word' id='word_1_310' title='bbox 443 2463 530 2514; x_wconf 89' lang='lat' dir='ltr'><strong>multa</strong></span> <span class='ocrx_word' id='word_1_311' title='bbox 549 2465 677 2515; x_wconf 88' lang='lat' dir='ltr'><strong>sabulosa</strong></span> <span class='ocrx_word' id='word_1_312' title='bbox 695 2465 849 2515; x_wconf 81' lang='lat' dir='ltr'><strong>referuntur</strong></span> <span class='ocrx_word' id='word_1_313' title='bbox 867 2459 996 2530; x_wconf 72' lang='grc' dir='ltr'><strong><em>μυθικὸν</em></strong></span> <span class='ocrx_word' id='word_1_314' title='bbox 1013 2466 1184 2526; x_wconf 86' lang='lat' dir='ltr'><strong>nominatur,</strong></span> <span class='ocrx_word' id='word_1_315' title='bbox 1199 2465 1319 2524; x_wconf 79' lang='lat' dir='ltr'><strong>tertium</strong></span> 
     </span>
     <span class='ocr_line' id='line_1_32' title="bbox 173 2524 1319 2599; baseline -0.001 -15"><span class='ocrx_word' id='word_1_316' title='bbox 173 2550 190 2584; x_wconf 95' lang='lat' dir='ltr'><strong>a</strong></span> <span class='ocrx_word' id='word_1_317' title='bbox 208 2535 297 2598; x_wconf 90' lang='lat' dir='ltr'><strong>prima</strong></span> <span class='ocrx_word' id='word_1_318' title='bbox 315 2531 471 2597; x_wconf 87' lang='lat' dir='ltr'><strong>olympiade</strong></span> <span class='ocrx_word' id='word_1_319' title='bbox 492 2531 526 2581; x_wconf 91' lang='lat' dir='ltr'><strong>ad</strong></span> <span class='ocrx_word' id='word_1_320' title='bbox 545 2547 594 2582; x_wconf 89' lang='lat' dir='ltr'><strong>nos</strong></span> <span class='ocrx_word' id='word_1_321' title='bbox 608 2533 678 2596; x_wconf 92' lang='lat' dir='ltr'><strong>quod</strong></span> <span class='ocrx_word' id='word_1_322' title='bbox 691 2532 794 2583; x_wconf 88' lang='lat' dir='ltr'><strong>dieitur</strong></span> <span class='ocrx_word' id='word_1_323' title='bbox 812 2524 964 2595; x_wconf 68' lang='grc' dir='ltr'><strong><em>ἱστορικόν,</em></strong></span> <span class='ocrx_word' id='word_1_324' title='bbox 983 2533 1048 2599; x_wconf 88' lang='lat' dir='ltr'><strong>quia</strong></span> <span class='ocrx_word' id='word_1_325' title='bbox 1061 2548 1105 2582; x_wconf 90' lang='lat' dir='ltr'><strong>res</strong></span> <span class='ocrx_word' id='word_1_326' title='bbox 1118 2533 1146 2581; x_wconf 89' lang='lat' dir='ltr'><strong>in</strong></span> <span class='ocrx_word' id='word_1_327' title='bbox 1166 2548 1200 2582; x_wconf 87' lang='lat' dir='ltr'><strong>eo</strong></span> <span class='ocrx_word' id='word_1_328' title='bbox 1218 2538 1319 2596; x_wconf 83' lang='lat' dir='ltr'><strong>gestae</strong></span> 
     </span>
     <span class='ocr_line' id='line_1_33' title="bbox 171 2599 1319 2665; baseline -0.001 -15"><span class='ocrx_word' id='word_1_329' title='bbox 171 2603 246 2651; x_wconf 87' lang='lat' dir='ltr'><strong>neris</strong></span> <span class='ocrx_word' id='word_1_330' title='bbox 265 2601 388 2650; x_wconf 85' lang='lat' dir='ltr'><strong>historiis</strong></span> <span class='ocrx_word' id='word_1_331' title='bbox 406 2599 590 2648; x_wconf 89' lang='lat' dir='ltr'><strong>continentur.</strong></span> <span class='ocrx_word' id='word_1_332' title='bbox 617 2600 641 2648; x_wconf 77' lang='lat'><strong>2.</strong></span> <span class='ocrx_word' id='word_1_333' title='bbox 662 2600 777 2665; x_wconf 91' lang='lat' dir='ltr'><strong>primum</strong></span> <span class='ocrx_word' id='word_1_334' title='bbox 797 2601 869 2649; x_wconf 90' lang='lat' dir='ltr'><strong>enim</strong></span> <span class='ocrx_word' id='word_1_335' title='bbox 887 2605 995 2664; x_wconf 90' lang='lat' dir='ltr'><strong>tompus</strong></span> <span class='ocrx_word' id='word_1_336' title='bbox 1012 2601 1072 2649; x_wconf 89' lang='lat' dir='ltr'><strong>siue</strong></span> <span class='ocrx_word' id='word_1_337' title='bbox 1091 2599 1189 2649; x_wconf 88' lang='lat' dir='ltr'><strong>babuit</strong></span> <span class='ocrx_word' id='word_1_338' title='bbox 1207 2600 1319 2650; x_wconf 90' lang='lat' dir='ltr'><strong>initium</strong></span> 
     </span>
     <span class='ocr_line' id='line_1_34' title="bbox 171 2665 1319 2733; baseline -0.002 -15"><span class='ocrx_word' id='word_1_339' title='bbox 171 2685 220 2719; x_wconf 91' lang='lat' dir='ltr'><strong>seu</strong></span> <span class='ocrx_word' id='word_1_340' title='bbox 243 2683 351 2733; x_wconf 86' lang='lat' dir='ltr'><strong>semper</strong></span> <span class='ocrx_word' id='word_1_341' title='bbox 376 2665 429 2715; x_wconf 81' lang='lat' dir='ltr'><strong>init</strong></span> <span class='ocrx_word' id='word_1_342' title='bbox 452 2672 528 2716; x_wconf 83' lang='lat' dir='ltr'><strong>certe</strong></span> <span class='ocrx_word' id='word_1_343' title='bbox 552 2672 617 2729; x_wconf 73' lang='lat' dir='ltr'><strong>‹prrot</strong></span> <span class='ocrx_word' id='word_1_344' title='bbox 636 2683 766 2716; x_wconf 86' lang='lat' dir='ltr'><strong>armorum</strong></span> <span class='ocrx_word' id='word_1_345' title='bbox 788 2668 825 2718; x_wconf 91' lang='lat' dir='ltr'><strong>sit</strong></span> <span class='ocrx_word' id='word_1_346' title='bbox 848 2683 901 2717; x_wconf 90' lang='lat' dir='ltr'><strong>nou</strong></span> <span class='ocrx_word' id='word_1_347' title='bbox 920 2671 1012 2731; x_wconf 90' lang='lat' dir='ltr'><strong>potest</strong></span> <span class='ocrx_word' id='word_1_348' title='bbox 1032 2667 1238 2732; x_wconf 85' lang='lat' dir='ltr'><strong>comprehendi.</strong></span> <span class='ocrx_word' id='word_1_349' title='bbox 1274 2682 1319 2716; x_wconf 87' lang='lat' dir='ltr'><strong>se·</strong></span> 
     </span>
     <span class='ocr_line' id='line_1_35' title="bbox 172 2733 1318 2798; baseline 0 -14"><span class='ocrx_word' id='word_1_350' title='bbox 172 2735 289 2785; x_wconf 91' lang='lat' dir='ltr'><strong>cundum</strong></span> <span class='ocrx_word' id='word_1_351' title='bbox 307 2749 362 2783; x_wconf 92' lang='lat' dir='ltr'><strong>non</strong></span> <span class='ocrx_word' id='word_1_352' title='bbox 380 2735 462 2798; x_wconf 89' lang='lat' dir='ltr'><strong>plane</strong></span> <span class='ocrx_word' id='word_1_353' title='bbox 482 2733 589 2796; x_wconf 72' lang='lat' dir='ltr'><strong>(pridem</strong></span> <span class='ocrx_word' id='word_1_354' title='bbox 608 2734 704 2792; x_wconf 86' lang='lat' dir='ltr'><strong>scitur,</strong></span> <span class='ocrx_word' id='word_1_355' title='bbox 730 2735 778 2784; x_wconf 88' lang='lat' dir='ltr'><strong>sed</strong></span> <span class='ocrx_word' id='word_1_356' title='bbox 801 2740 895 2783; x_wconf 86' lang='lat' dir='ltr'><strong>tamen</strong></span> <span class='ocrx_word' id='word_1_357' title='bbox 919 2734 955 2783; x_wconf 89' lang='lat' dir='ltr'><strong>ad</strong></span> <span class='ocrx_word' id='word_1_358' title='bbox 977 2734 1053 2784; x_wconf 91' lang='lat' dir='ltr'><strong>mille</strong></span> <span class='ocrx_word' id='word_1_359' title='bbox 1077 2735 1191 2784; x_wconf 86' lang='lat' dir='ltr'><strong>circiter</strong></span> <span class='ocrx_word' id='word_1_360' title='bbox 1209 2739 1240 2783; x_wconf 91' lang='lat' dir='ltr'><strong>et</strong></span> <span class='ocrx_word' id='word_1_361' title='bbox 1257 2750 1318 2784; x_wconf 83' lang='lat' dir='ltr'><strong>sex·</strong></span> 
     </span>
     <span class='ocr_line' id='line_1_36' title="bbox 174 2801 1319 2866; baseline -0.001 -14"><span class='ocrx_word' id='word_1_362' title='bbox 174 2810 269 2852; x_wconf 86' lang='lat' dir='ltr'><strong>centos</strong></span> <span class='ocrx_word' id='word_1_363' title='bbox 289 2817 374 2850; x_wconf 86' lang='lat' dir='ltr'><strong>annos</strong></span> <span class='ocrx_word' id='word_1_364' title='bbox 393 2816 453 2850; x_wconf 89' lang='lat' dir='ltr'><strong>esse</strong></span> <span class='ocrx_word' id='word_1_365' title='bbox 473 2801 601 2850; x_wconf 86' lang='lat' dir='ltr'><strong>ereditur.</strong></span> <span class='ocrx_word' id='word_1_366' title='bbox 638 2817 655 2850; x_wconf 90' lang='lat' dir='ltr'><strong>a</strong></span> <span class='ocrx_word' id='word_1_367' title='bbox 674 2803 764 2866; x_wconf 92' lang='lat' dir='ltr'><strong>priore</strong></span> <span class='ocrx_word' id='word_1_368' title='bbox 783 2802 894 2852; x_wconf 86' lang='lat' dir='ltr'><strong>scilieet</strong></span> <span class='ocrx_word' id='word_1_369' title='bbox 912 2803 1096 2865; x_wconf 82' lang='lat' dir='ltr'><strong>cataclysmo,</strong></span> <span class='ocrx_word' id='word_1_370' title='bbox 1123 2817 1203 2866; x_wconf 89' lang='lat' dir='ltr'><strong>quem</strong></span> <span class='ocrx_word' id='word_1_371' title='bbox 1222 2802 1319 2852; x_wconf 88' lang='lat' dir='ltr'><strong>dicunt</strong></span> 
     </span>
     <span class='ocr_line' id='line_1_37' title="bbox 174 2867 1319 2935; baseline 0.002 -16"><span class='ocrx_word' id='word_1_372' title='bbox 174 2869 285 2933; x_wconf 77' lang='lat' dir='ltr'><strong>Ogygii,</strong></span> <span class='ocrx_word' id='word_1_373' title='bbox 307 2867 341 2917; x_wconf 87' lang='lat' dir='ltr'><strong>ad</strong></span> <span class='ocrx_word' id='word_1_374' title='bbox 360 2867 457 2916; x_wconf 89' lang='lat' dir='ltr'><strong>Inachi</strong></span> <span class='ocrx_word' id='word_1_375' title='bbox 476 2883 588 2931; x_wconf 85' lang='lat' dir='ltr'><strong>regnum</strong></span> <span class='ocrx_word' id='word_1_376' title='bbox 608 2869 672 2916; x_wconf 83' lang='lat' dir='ltr'><strong>antri</strong></span> <span class='ocrx_word' id='word_1_377' title='bbox 691 2875 754 2918; x_wconf 86' lang='lat' dir='ltr'><strong>srrnt</strong></span> <span class='ocrx_word' id='word_1_378' title='bbox 773 2870 887 2918; x_wconf 89' lang='lat' dir='ltr'><strong>circiter</strong></span> <span class='ocrx_word' id='word_1_379' title='bbox 905 2870 1099 2935; x_wconf 80' lang='lat' dir='ltr'><strong>quadringenti</strong></span> <span class='ocrx_word' id='word_1_380' title='bbox 1119 2883 1135 2914; x_wconf 76' lang='lat' dir='ltr'><strong>s</strong></span> <span class='ocrx_word' id='word_1_381' title='bbox 1153 2884 1184 2931; x_wconf 77' lang='lat' dir='ltr'><strong>s,</strong></span> <span class='ocrx_word' id='word_1_382' title='bbox 1203 2869 1269 2920; x_wconf 82' lang='lat' dir='ltr'><strong>lriue</strong></span> <span class='ocrx_word' id='word_1_383' title='bbox 1283 2869 1319 2919; x_wconf 86' lang='lat' dir='ltr'><strong>ad</strong></span> 
     </span>
     <span class='ocr_line' id='line_1_38' title="bbox 172 2935 1318 3002; baseline 0.002 -17"><span class='ocrx_word' id='word_1_384' title='bbox 172 2936 357 2999; x_wconf 75' lang='lat' dir='ltr'><strong>olympiadem</strong></span> <span class='ocrx_word' id='word_1_385' title='bbox 375 2935 489 2999; x_wconf 90' lang='lat' dir='ltr'><strong>primam</strong></span> <span class='ocrx_word' id='word_1_386' title='bbox 508 2935 591 2999; x_wconf 89' lang='lat' dir='ltr'><strong>paulo</strong></span> <span class='ocrx_word' id='word_1_387' title='bbox 609 2935 669 2999; x_wconf 90' lang='lat' dir='ltr'><strong>plns</strong></span> <span class='ocrx_word' id='word_1_388' title='bbox 688 2937 892 3000; x_wconf 83' lang='lat' dir='ltr'><strong>quadringenti.</strong></span> <span class='ocrx_word' id='word_1_389' title='bbox 929 2953 996 3002; x_wconf 88' lang='lat' dir='ltr'><strong>qnos</strong></span> <span class='ocrx_word' id='word_1_390' title='bbox 1019 2939 1092 2987; x_wconf 86' lang='lat' dir='ltr'><strong>solos</strong></span> <span class='ocrx_word' id='word_1_391' title='bbox 1116 2939 1243 3002; x_wconf 89' lang='lat' dir='ltr'><strong>quamuis</strong></span> <span class='ocrx_word' id='word_1_392' title='bbox 1261 2952 1318 3001; x_wconf 78' lang='lat' dir='ltr'><strong>my·</strong></span> 
     </span>
     <span class='ocr_line' id='line_1_39' title="bbox 172 3002 1318 3070; baseline 0.002 -18"><span class='ocrx_word' id='word_1_393' title='bbox 172 3004 239 3052; x_wconf 85' lang='lat' dir='ltr'><strong>tlrici</strong></span> <span class='ocrx_word' id='word_1_394' title='bbox 265 3002 395 3066; x_wconf 88' lang='lat' dir='ltr'><strong>temporis</strong></span> <span class='ocrx_word' id='word_1_395' title='bbox 419 3010 572 3067; x_wconf 84' lang='lat' dir='ltr'><strong>postremos</strong></span> <span class='ocrx_word' id='word_1_396' title='bbox 596 3009 689 3052; x_wconf 89' lang='lat' dir='ltr'><strong>tamen</strong></span> <span class='ocrx_word' id='word_1_397' title='bbox 713 3004 777 3068; x_wconf 89' lang='lat' dir='ltr'><strong>quia</strong></span> <span class='ocrx_word' id='word_1_398' title='bbox 801 3020 818 3053; x_wconf 87' lang='lat' dir='ltr'><strong>o</strong></span> <span class='ocrx_word' id='word_1_399' title='bbox 842 3006 973 3054; x_wconf 89' lang='lat' dir='ltr'><strong>memoria</strong></span> <span class='ocrx_word' id='word_1_400' title='bbox 992 3005 1156 3069; x_wconf 86' lang='lat' dir='ltr'><strong>scriptorum</strong></span> <span class='ocrx_word' id='word_1_401' title='bbox 1180 3006 1318 3070; x_wconf 83' lang='lat' dir='ltr'><strong>proximos</strong></span> 
     </span>
     <span class='ocr_line' id='line_1_40' title="bbox 172 3069 1318 3137; baseline 0.002 -18"><span class='ocrx_word' id='word_1_402' title='bbox 172 3069 282 3135; x_wconf 90' lang='lat' dir='ltr'><strong>qnidam</strong></span> <span class='ocrx_word' id='word_1_403' title='bbox 309 3069 411 3118; x_wconf 86' lang='lat' dir='ltr'><strong>certius</strong></span> <span class='ocrx_word' id='word_1_404' title='bbox 435 3069 550 3118; x_wconf 84' lang='lat' dir='ltr'><strong>delinire</strong></span> <span class='ocrx_word' id='word_1_405' title='bbox 568 3070 721 3119; x_wconf 89' lang='lat' dir='ltr'><strong>noluerunt.</strong></span> <span class='ocrx_word' id='word_1_406' title='bbox 762 3071 787 3121; x_wconf 85' lang='lat'><strong>3.</strong></span> <span class='ocrx_word' id='word_1_407' title='bbox 808 3077 836 3120; x_wconf 88' lang='lat' dir='ltr'><strong>et</strong></span> <span class='ocrx_word' id='word_1_408' title='bbox 855 3072 963 3135; x_wconf 77' lang='lat' dir='ltr'><strong>(pridem</strong></span> <span class='ocrx_word' id='word_1_409' title='bbox 982 3072 1105 3122; x_wconf 85' lang='lat' dir='ltr'><strong>Sosibius</strong></span> <span class='ocrx_word' id='word_1_410' title='bbox 1124 3074 1240 3137; x_wconf 86' lang='lat' dir='ltr'><strong>scripsit</strong></span> <span class='ocrx_word' id='word_1_411' title='bbox 1258 3087 1318 3123; x_wconf 89' lang='lat' dir='ltr'><strong>essa</strong></span> 
     </span>
     <span class='ocr_line' id='line_1_41' title="bbox 172 3135 1319 3206; baseline 0.003 -20"><span class='ocrx_word' id='word_1_412' title='bbox 172 3135 409 3197; x_wconf 81' lang='lat' dir='ltr'><strong>CCCLXXXXV,</strong></span> <span class='ocrx_word' id='word_1_413' title='bbox 429 3137 630 3187; x_wconf 80' lang='lat' dir='ltr'><strong>Eratosthenes</strong></span> <span class='ocrx_word' id='word_1_414' title='bbox 649 3144 741 3186; x_wconf 82' lang='lat' dir='ltr'><strong>antem</strong></span> <span class='ocrx_word' id='word_1_415' title='bbox 759 3144 866 3203; x_wconf 86' lang='lat' dir='ltr'><strong>septem</strong></span> <span class='ocrx_word' id='word_1_416' title='bbox 886 3145 914 3187; x_wconf 92' lang='lat' dir='ltr'><strong>et</strong></span> <span class='ocrx_word' id='word_1_417' title='bbox 932 3140 1161 3206; x_wconf 85' lang='lat' dir='ltr'><strong>quadringentos,</strong></span> <span class='ocrx_word' id='word_1_418' title='bbox 1186 3141 1319 3191; x_wconf 84' lang='lat' dir='ltr'><strong>&#39;I&#39;imseus</strong></span> 
     </span>
     <span class='ocr_line' id='line_1_42' title="bbox 172 3203 1318 3272; baseline 0.005 -21"><span class='ocrx_word' id='word_1_419' title='bbox 172 3203 360 3263; x_wconf 79' lang='lat' dir='ltr'><strong>CCCCXVII,</strong></span> <span class='ocrx_word' id='word_1_420' title='bbox 379 3205 477 3254; x_wconf 82' lang='lat' dir='ltr'><strong>Aretes</strong></span> <span class='ocrx_word' id='word_1_421' title='bbox 496 3206 618 3265; x_wconf 78' lang='lat' dir='ltr'><strong>llxllll,</strong></span> <span class='ocrx_word' id='word_1_422' title='bbox 640 3211 667 3254; x_wconf 92' lang='lat' dir='ltr'><strong>et</strong></span> <span class='ocrx_word' id='word_1_423' title='bbox 685 3211 833 3270; x_wconf 89' lang='lat' dir='ltr'><strong>praeterea</strong></span> <span class='ocrx_word' id='word_1_424' title='bbox 855 3206 933 3256; x_wconf 89' lang='lat' dir='ltr'><strong>multi</strong></span> <span class='ocrx_word' id='word_1_425' title='bbox 945 3207 1075 3267; x_wconf 84' lang='lat' dir='ltr'><strong>diuerse,</strong></span> <span class='ocrx_word' id='word_1_426' title='bbox 1100 3224 1215 3272; x_wconf 90' lang='lat' dir='ltr'><strong>qnorum</strong></span> <span class='ocrx_word' id='word_1_427' title='bbox 1234 3210 1318 3258; x_wconf 85' lang='lat' dir='ltr'><strong>etiarn</strong></span> 
     </span>
     <span class='ocr_line' id='line_1_43' title="bbox 173 3271 1318 3340; baseline 0.005 -22"><span class='ocrx_word' id='word_1_428' title='bbox 173 3272 233 3336; x_wconf 84' lang='lat' dir='ltr'><strong>ipsa</strong></span> <span class='ocrx_word' id='word_1_429' title='bbox 246 3271 381 3320; x_wconf 90' lang='lat' dir='ltr'><strong>dissensio</strong></span> <span class='ocrx_word' id='word_1_430' title='bbox 395 3273 529 3321; x_wconf 88' lang='lat' dir='ltr'><strong>incertum</strong></span> <span class='ocrx_word' id='word_1_431' title='bbox 543 3288 603 3321; x_wconf 87' lang='lat' dir='ltr'><strong>essa</strong></span> <span class='ocrx_word' id='word_1_432' title='bbox 617 3273 752 3322; x_wconf 82' lang='lat' dir='ltr'><strong>declarat.</strong></span> <span class='ocrx_word' id='word_1_433' title='bbox 771 3274 796 3322; x_wconf 82' lang='grc'><strong>4.</strong></span> <span class='ocrx_word' id='word_1_434' title='bbox 808 3274 842 3324; x_wconf 91' lang='lat' dir='ltr'><strong>de</strong></span> <span class='ocrx_word' id='word_1_435' title='bbox 855 3274 938 3323; x_wconf 90' lang='lat' dir='ltr'><strong>tertio</strong></span> <span class='ocrx_word' id='word_1_436' title='bbox 951 3280 1043 3324; x_wconf 82' lang='lat' dir='ltr'><strong>arrtem</strong></span> <span class='ocrx_word' id='word_1_437' title='bbox 1056 3281 1179 3340; x_wconf 89' lang='lat' dir='ltr'><strong>tempore</strong></span> <span class='ocrx_word' id='word_1_438' title='bbox 1193 3275 1249 3325; x_wconf 85' lang='lat' dir='ltr'><strong>fuit</strong></span> <span class='ocrx_word' id='word_1_439' title='bbox 1261 3276 1318 3340; x_wconf 91' lang='lat' dir='ltr'><strong>qui·</strong></span> 
     </span>
     <span class='ocr_line' id='line_1_44' title="bbox 172 3339 1319 3406; baseline 0.005 -20"><span class='ocrx_word' id='word_1_440' title='bbox 172 3339 233 3387; x_wconf 87' lang='lat' dir='ltr'><strong>‹lcm</strong></span> <span class='ocrx_word' id='word_1_441' title='bbox 252 3339 345 3403; x_wconf 88' lang='lat' dir='ltr'><strong>aliqua</strong></span> <span class='ocrx_word' id='word_1_442' title='bbox 363 3339 435 3389; x_wconf 91' lang='lat' dir='ltr'><strong>inter</strong></span> <span class='ocrx_word' id='word_1_443' title='bbox 454 3345 581 3389; x_wconf 85' lang='lat' dir='ltr'><strong>auctores</strong></span> <span class='ocrx_word' id='word_1_444' title='bbox 599 3340 734 3391; x_wconf 88' lang='lat' dir='ltr'><strong>dissensio</strong></span> <span class='ocrx_word' id='word_1_445' title='bbox 753 3343 781 3390; x_wconf 92' lang='lat' dir='ltr'><strong>in</strong></span> <span class='ocrx_word' id='word_1_446' title='bbox 799 3357 848 3390; x_wconf 84' lang='lat' dir='ltr'><strong>sex</strong></span> <span class='ocrx_word' id='word_1_447' title='bbox 866 3346 1008 3406; x_wconf 88' lang='lat' dir='ltr'><strong>septemne</strong></span> <span class='ocrx_word' id='word_1_448' title='bbox 1030 3343 1219 3392; x_wconf 91' lang='lat' dir='ltr'><strong>tautummodo</strong></span> <span class='ocrx_word' id='word_1_449' title='bbox 1239 3343 1319 3393; x_wconf 90' lang='lat' dir='ltr'><strong>aunis</strong></span> 
     </span>
     <span class='ocr_line' id='line_1_45' title="bbox 172 3406 1319 3477; baseline 0.005 -24"><span class='ocrx_word' id='word_1_450' title='bbox 172 3413 297 3454; x_wconf 88' lang='lat' dir='ltr'><strong>uersata:</strong></span> <span class='ocrx_word' id='word_1_451' title='bbox 317 3407 342 3455; x_wconf 87' lang='grc'><strong>5.</strong></span> <span class='ocrx_word' id='word_1_452' title='bbox 357 3406 406 3455; x_wconf 87' lang='lat' dir='ltr'><strong>sed</strong></span> <span class='ocrx_word' id='word_1_453' title='bbox 423 3406 475 3455; x_wconf 92' lang='lat' dir='ltr'><strong>hoc</strong></span> <span class='ocrx_word' id='word_1_454' title='bbox 495 3407 680 3471; x_wconf 90' lang='lat' dir='ltr'><strong>quodcumque</strong></span> <span class='ocrx_word' id='word_1_455' title='bbox 694 3408 824 3473; x_wconf 90' lang='lat' dir='ltr'><strong>caliginis</strong></span> <span class='ocrx_word' id='word_1_456' title='bbox 837 3409 924 3458; x_wconf 76' lang='lat' dir='ltr'><strong>Varro</strong></span> <span class='ocrx_word' id='word_1_457' title='bbox 943 3409 1089 3473; x_wconf 86' lang='lat' dir='ltr'><strong>discussit,</strong></span> <span class='ocrx_word' id='word_1_458' title='bbox 1109 3416 1136 3460; x_wconf 89' lang='lat' dir='ltr'><strong>et</strong></span> <span class='ocrx_word' id='word_1_459' title='bbox 1155 3427 1204 3477; x_wconf 92' lang='lat' dir='ltr'><strong>pro</strong></span> <span class='ocrx_word' id='word_1_460' title='bbox 1222 3417 1319 3461; x_wconf 88' lang='lat' dir='ltr'><strong>cetera</strong></span> 
     </span>
     <span class='ocr_line' id='line_1_46' title="bbox 173 3474 1317 3542; baseline 0.007 -23"><span class='ocrx_word' id='word_1_461' title='bbox 173 3489 222 3520; x_wconf 83' lang='lat' dir='ltr'><strong>sua</strong></span> <span class='ocrx_word' id='word_1_462' title='bbox 241 3474 399 3537; x_wconf 84' lang='lat' dir='ltr'><strong>sagacitate</strong></span> <span class='ocrx_word' id='word_1_463' title='bbox 418 3489 489 3522; x_wconf 88' lang='lat' dir='ltr'><strong>nuuc</strong></span> <span class='ocrx_word' id='word_1_464' title='bbox 508 3474 678 3523; x_wconf 84' lang='lat' dir='ltr'><strong>diuersarum</strong></span> <span class='ocrx_word' id='word_1_465' title='bbox 698 3476 852 3525; x_wconf 87' lang='lat' dir='ltr'><strong>ciuitatium</strong></span> <span class='ocrx_word' id='word_1_466' title='bbox 873 3477 1018 3526; x_wconf 77' lang='lat' dir='ltr'><strong>conferens</strong></span> <span class='ocrx_word' id='word_1_467' title='bbox 1031 3483 1164 3542; x_wconf 82' lang='lat' dir='ltr'><strong>tempora,</strong></span> <span class='ocrx_word' id='word_1_468' title='bbox 1185 3494 1257 3529; x_wconf 92' lang='lat' dir='ltr'><strong>mme</strong></span> <span class='ocrx_word' id='word_1_469' title='bbox 1272 3479 1317 3527; x_wconf 89' lang='lat' dir='ltr'><strong>da·</strong></span> 
     </span>
     <span class='ocr_line' id='line_1_47' title="bbox 174 3540 1319 3610; baseline 0.006 -22"><span class='ocrx_word' id='word_1_470' title='bbox 174 3540 263 3589; x_wconf 78' lang='lat' dir='ltr'><strong>icet-us</strong></span> <span class='ocrx_word' id='word_1_471' title='bbox 288 3555 433 3605; x_wconf 84' lang='lat' dir='ltr'><strong>corrrmque</strong></span> <span class='ocrx_word' id='word_1_472' title='bbox 457 3540 606 3591; x_wconf 89' lang='lat' dir='ltr'><strong>interualla</strong></span> <span class='ocrx_word' id='word_1_473' title='bbox 634 3547 707 3592; x_wconf 90' lang='lat' dir='ltr'><strong>retro</strong></span> <span class='ocrx_word' id='word_1_474' title='bbox 737 3543 927 3604; x_wconf 85' lang='lat' dir='ltr'><strong>dinumerans,</strong></span> <span class='ocrx_word' id='word_1_475' title='bbox 956 3547 1027 3594; x_wconf 90' lang='lat' dir='ltr'><strong>eruit</strong></span> <span class='ocrx_word' id='word_1_476' title='bbox 1056 3561 1149 3595; x_wconf 86' lang='lat' dir='ltr'><strong>uerum</strong></span> <span class='ocrx_word' id='word_1_477' title='bbox 1173 3546 1319 3610; x_wconf 86' lang='lat' dir='ltr'><strong>lucemque</strong></span> 
     </span>
     <span class='ocr_line' id='line_1_48' title="bbox 174 3607 1319 3672; baseline 0.007 -17"><span class='ocrx_word' id='word_1_478' title='bbox 174 3607 304 3667; x_wconf 83' lang='lat' dir='ltr'><strong>ostendit,</strong></span> <span class='ocrx_word' id='word_1_479' title='bbox 324 3622 373 3671; x_wconf 87' lang='lat' dir='ltr'><strong>per</strong></span> <span class='ocrx_word' id='word_1_480' title='bbox 392 3624 472 3670; x_wconf 89' lang='lat' dir='ltr'><strong>qnam</strong></span> <span class='ocrx_word' id='word_1_481' title='bbox 491 3624 617 3659; x_wconf 78' lang='lat' dir='ltr'><strong>nummus</strong></span> <span class='ocrx_word' id='word_1_482' title='bbox 636 3617 729 3660; x_wconf 87' lang='lat' dir='ltr'><strong>certus</strong></span> <span class='ocrx_word' id='word_1_483' title='bbox 753 3627 806 3672; x_wconf 88' lang='lat' dir='ltr'><strong>nou</strong></span> <span class='ocrx_word' id='word_1_484' title='bbox 832 3627 962 3661; x_wconf 90' lang='lat' dir='ltr'><strong>annorum</strong></span> <span class='ocrx_word' id='word_1_485' title='bbox 986 3613 1064 3661; x_wconf 92' lang='lat' dir='ltr'><strong>ruodo</strong></span> <span class='ocrx_word' id='word_1_486' title='bbox 1088 3614 1136 3663; x_wconf 83' lang='lat' dir='ltr'><strong>sed</strong></span> <span class='ocrx_word' id='word_1_487' title='bbox 1162 3620 1190 3663; x_wconf 89' lang='lat' dir='ltr'><strong>ct</strong></span> <span class='ocrx_word' id='word_1_488' title='bbox 1213 3615 1319 3663; x_wconf 90' lang='lat' dir='ltr'><strong>dierum</strong></span> 
     </span>
     <span class='ocr_line' id='line_1_49' title="bbox 173 3675 1320 3742; baseline 0.008 -20"><span class='ocrx_word' id='word_1_489' title='bbox 173 3675 291 3738; x_wconf 89' lang='lat' dir='ltr'><strong>perspici</strong></span> <span class='ocrx_word' id='word_1_490' title='bbox 310 3675 406 3738; x_wconf 90' lang='lat' dir='ltr'><strong>possit.</strong></span> <span class='ocrx_word' id='word_1_491' title='bbox 434 3676 458 3723; x_wconf 88' lang='lat' dir='ltr'><strong>li.</strong></span> <span class='ocrx_word' id='word_1_492' title='bbox 480 3677 628 3726; x_wconf 83' lang='lat' dir='ltr'><strong>secundum</strong></span> <span class='ocrx_word' id='word_1_493' title='bbox 647 3692 727 3742; x_wconf 88' lang='lat' dir='ltr'><strong>quam</strong></span> <span class='ocrx_word' id='word_1_494' title='bbox 741 3679 875 3729; x_wconf 81' lang='lat' dir='ltr'><strong>rationem</strong></span> <span class='ocrx_word' id='word_1_495' title='bbox 894 3679 948 3728; x_wconf 88' lang='lat' dir='ltr'><strong>nisi</strong></span> <span class='ocrx_word' id='word_1_496' title='bbox 967 3679 1050 3728; x_wconf 80' lang='lat' dir='ltr'><strong>t&#39;allor</strong></span> <span class='ocrx_word' id='word_1_497' title='bbox 1068 3680 1113 3730; x_wconf 81' lang='lat' dir='ltr'><strong>nic</strong></span> <span class='ocrx_word' id='word_1_498' title='bbox 1134 3696 1222 3730; x_wconf 88' lang='lat' dir='ltr'><strong>annua</strong></span> <span class='ocrx_word' id='word_1_499' title='bbox 1242 3682 1320 3731; x_wconf 89' lang='lat' dir='ltr'><strong>euius</strong></span> 
     </span>
     <span class='ocr_line' id='line_1_50' title="bbox 172 3742 1319 3813; baseline 0.007 -24"><span class='ocrx_word' id='word_1_500' title='bbox 172 3742 249 3790; x_wconf 89' lang='lat' dir='ltr'><strong>uelut</strong></span> <span class='ocrx_word' id='word_1_501' title='bbox 270 3742 352 3790; x_wconf 81' lang='lat' dir='ltr'><strong>iudea</strong></span> <span class='ocrx_word' id='word_1_502' title='bbox 377 3748 405 3790; x_wconf 93' lang='lat' dir='ltr'><strong>et</strong></span> <span class='ocrx_word' id='word_1_503' title='bbox 428 3742 524 3791; x_wconf 87' lang='lat' dir='ltr'><strong>tit-ulus</strong></span> <span class='ocrx_word' id='word_1_504' title='bbox 548 3750 590 3792; x_wconf 86' lang='lat' dir='ltr'><strong>est</strong></span> <span class='ocrx_word' id='word_1_505' title='bbox 607 3744 684 3810; x_wconf 79' lang='lat' dir='ltr'><strong>t’lpii</strong></span> <span class='ocrx_word' id='word_1_506' title='bbox 708 3751 737 3794; x_wconf 87' lang='lat' dir='ltr'><strong>et</strong></span> <span class='ocrx_word' id='word_1_507' title='bbox 759 3748 879 3796; x_wconf 85' lang='lat' dir='ltr'><strong>Pontani</strong></span> <span class='ocrx_word' id='word_1_508' title='bbox 903 3748 1076 3807; x_wconf 81' lang='lat' dir='ltr'><strong>eorrsulatus,</strong></span> <span class='ocrx_word' id='word_1_509' title='bbox 1101 3748 1135 3796; x_wconf 87' lang='lat' dir='ltr'><strong>ab</strong></span> <span class='ocrx_word' id='word_1_510' title='bbox 1160 3748 1319 3813; x_wconf 75' lang='lat' dir='ltr'><strong>olympiade</strong></span> 
     </span>
     <span class='ocr_line' id='line_1_51' title="bbox 173 3809 1318 3875; baseline 0.005 -16"><span class='ocrx_word' id='word_1_511' title='bbox 173 3809 261 3874; x_wconf 89' lang='lat' dir='ltr'><strong>prima</strong></span> <span class='ocrx_word' id='word_1_512' title='bbox 279 3809 460 3859; x_wconf 89' lang='lat' dir='ltr'><strong>millensimns</strong></span> <span class='ocrx_word' id='word_1_513' title='bbox 480 3816 523 3858; x_wconf 86' lang='lat' dir='ltr'><strong>est</strong></span> <span class='ocrx_word' id='word_1_514' title='bbox 541 3816 568 3860; x_wconf 90' lang='lat' dir='ltr'><strong>et</strong></span> <span class='ocrx_word' id='word_1_515' title='bbox 588 3819 702 3875; x_wconf 85' lang='lat' dir='ltr'><strong>‹prartus</strong></span> <span class='ocrx_word' id='word_1_516' title='bbox 721 3814 853 3874; x_wconf 72' lang='lat' dir='ltr'><strong>decimata,</strong></span> <span class='ocrx_word' id='word_1_517' title='bbox 874 3830 906 3864; x_wconf 85' lang='lat' dir='ltr'><strong>ex</strong></span> <span class='ocrx_word' id='word_1_518' title='bbox 926 3815 1023 3863; x_wconf 86' lang='lat' dir='ltr'><strong>diebus</strong></span> <span class='ocrx_word' id='word_1_519' title='bbox 1036 3815 1171 3865; x_wconf 79' lang='lat' dir='ltr'><strong>duntaxat</strong></span> <span class='ocrx_word' id='word_1_520' title='bbox 1191 3817 1318 3875; x_wconf 86' lang='lat' dir='ltr'><strong>aestiuis,</strong></span> 
     </span>
     <span class='ocr_line' id='line_1_52' title="bbox 173 3876 1320 3948; baseline 0.007 -23"><span class='ocrx_word' id='word_1_521' title='bbox 173 3879 271 3942; x_wconf 81' lang='lat' dir='ltr'><strong>‹prilms</strong></span> <span class='ocrx_word' id='word_1_522' title='bbox 286 3893 358 3942; x_wconf 89' lang='lat' dir='ltr'><strong>agon</strong></span> <span class='ocrx_word' id='word_1_523' title='bbox 371 3876 531 3941; x_wconf 79' lang='lat' dir='ltr'><strong>Olympicus</strong></span> <span class='ocrx_word' id='word_1_524' title='bbox 550 3880 725 3939; x_wconf 60' lang='lat' dir='ltr'><strong>celebratum</strong></span> <span class='ocrx_word' id='word_1_525' title='bbox 749 3897 765 3930; x_wconf 92' lang='lat' dir='ltr'><strong>a</strong></span> <span class='ocrx_word' id='word_1_526' title='bbox 784 3882 870 3930; x_wconf 83' lang='lat' dir='ltr'><strong>Roma</strong></span> <span class='ocrx_word' id='word_1_527' title='bbox 889 3888 980 3931; x_wconf 89' lang='lat' dir='ltr'><strong>autem</strong></span> <span class='ocrx_word' id='word_1_528' title='bbox 995 3882 1106 3931; x_wconf 81' lang='lat' dir='ltr'><strong>condita</strong></span> <span class='ocrx_word' id='word_1_529' title='bbox 1120 3884 1320 3948; x_wconf 81' lang='lat' dir='ltr'><strong>uongcntcnsi·</strong></span> 
     </span>
     <span class='ocr_line' id='line_1_53' title="bbox 173 3946 1320 4013; baseline 0.006 -20"><span class='ocrx_word' id='word_1_530' title='bbox 173 3960 231 3993; x_wconf 86' lang='lat' dir='ltr'><strong>runs</strong></span> <span class='ocrx_word' id='word_1_531' title='bbox 250 3946 463 4009; x_wconf 78' lang='lat' dir='ltr'><strong>nonagensimus</strong></span> <span class='ocrx_word' id='word_1_532' title='bbox 482 3946 596 4009; x_wconf 89' lang='lat' dir='ltr'><strong>primus,</strong></span> <span class='ocrx_word' id='word_1_533' title='bbox 618 3953 646 3996; x_wconf 84' lang='lat' dir='ltr'><strong>et</strong></span> <span class='ocrx_word' id='word_1_534' title='bbox 665 3949 774 4013; x_wconf 88' lang='lat' dir='ltr'><strong>quidem</strong></span> <span class='ocrx_word' id='word_1_535' title='bbox 794 3965 827 3999; x_wconf 84' lang='lat' dir='ltr'><strong>ex</strong></span> <span class='ocrx_word' id='word_1_536' title='bbox 845 3949 994 4006; x_wconf 84' lang='lat' dir='ltr'><strong>Parilibus,</strong></span> <span class='ocrx_word' id='word_1_537' title='bbox 1015 3950 1086 3999; x_wconf 88' lang='lat' dir='ltr'><strong>unde</strong></span> <span class='ocrx_word' id='word_1_538' title='bbox 1099 3950 1177 4000; x_wconf 79' lang='lat' dir='ltr'><strong>urlris</strong></span> <span class='ocrx_word' id='word_1_539' title='bbox 1192 3967 1247 4000; x_wconf 89' lang='lat' dir='ltr'><strong>ann</strong></span> <span class='ocrx_word' id='word_1_540' title='bbox 1261 3953 1320 4000; x_wconf 91' lang='lat' dir='ltr'><strong>inn-</strong></span> 
     </span>
     <span class='ocr_line' id='line_1_54' title="bbox 173 4013 1320 4081; baseline 0.007 -21"><span class='ocrx_word' id='word_1_541' title='bbox 173 4020 326 4072; x_wconf 90' lang='lat' dir='ltr'><strong>merantnr;</strong></span> <span class='ocrx_word' id='word_1_542' title='bbox 345 4013 369 4061; x_wconf 85' lang='lat'><strong>7.</strong></span> <span class='ocrx_word' id='word_1_543' title='bbox 385 4029 475 4063; x_wconf 87' lang='lat' dir='ltr'><strong>eorum</strong></span> <span class='ocrx_word' id='word_1_544' title='bbox 488 4028 554 4074; x_wconf 86' lang='lat' dir='ltr'><strong>uerq</strong></span> <span class='ocrx_word' id='word_1_545' title='bbox 568 4029 699 4065; x_wconf 89' lang='lat' dir='ltr'><strong>annornm</strong></span> <span class='ocrx_word' id='word_1_546' title='bbox 719 4017 817 4081; x_wconf 85' lang='lat' dir='ltr'><strong>quibus</strong></span> <span class='ocrx_word' id='word_1_547' title='bbox 834 4016 951 4065; x_wconf 88' lang='lat' dir='ltr'><strong>Iulianis</strong></span> <span class='ocrx_word' id='word_1_548' title='bbox 964 4032 1063 4066; x_wconf 89' lang='lat' dir='ltr'><strong>nomen</strong></span> <span class='ocrx_word' id='word_1_549' title='bbox 1082 4024 1123 4066; x_wconf 84' lang='lat' dir='ltr'><strong>cst</strong></span> <span class='ocrx_word' id='word_1_550' title='bbox 1142 4018 1320 4068; x_wconf 81' lang='lat' dir='ltr'><strong>dueentonsi·</strong></span> 
     </span>
     <span class='ocr_line' id='line_1_55' title="bbox 173 4081 1321 4144; baseline 0.007 -17"><span class='ocrx_word' id='word_1_551' title='bbox 173 4096 231 4129; x_wconf 87' lang='lat' dir='ltr'><strong>mus</strong></span> <span class='ocrx_word' id='word_1_552' title='bbox 255 4081 460 4144; x_wconf 82' lang='lat' dir='ltr'><strong>octogensimus</strong></span> <span class='ocrx_word' id='word_1_553' title='bbox 480 4082 591 4139; x_wconf 85' lang='lat' dir='ltr'><strong>tertius,</strong></span> <span class='ocrx_word' id='word_1_554' title='bbox 617 4083 665 4132; x_wconf 88' lang='lat' dir='ltr'><strong>sed</strong></span> <span class='ocrx_word' id='word_1_555' title='bbox 689 4100 722 4132; x_wconf 92' lang='lat' dir='ltr'><strong>ex</strong></span> <span class='ocrx_word' id='word_1_556' title='bbox 746 4084 791 4133; x_wconf 89' lang='lat' dir='ltr'><strong>die</strong></span> <span class='ocrx_word' id='word_1_557' title='bbox 815 4084 877 4133; x_wconf 83' lang='lat' dir='ltr'><strong>Kal.</strong></span> <span class='ocrx_word' id='word_1_558' title='bbox 903 4084 1108 4143; x_wconf 86' lang='lat' dir='ltr'><strong>Ianuariarum,</strong></span> <span class='ocrx_word' id='word_1_559' title='bbox 1135 4086 1208 4135; x_wconf 86' lang='lat' dir='ltr'><strong>uude</strong></span> <span class='ocrx_word' id='word_1_560' title='bbox 1232 4086 1321 4136; x_wconf 90' lang='lat' dir='ltr'><strong>Iulius</strong></span> 
     </span>
     <span class='ocr_line' id='line_1_56' title="bbox 173 4147 1321 4216; baseline 0.006 -21"><span class='ocrx_word' id='word_1_561' title='bbox 173 4147 278 4197; x_wconf 84' lang='lat' dir='ltr'><strong>Caesar</strong></span> <span class='ocrx_word' id='word_1_562' title='bbox 297 4148 363 4196; x_wconf 88' lang='lat' dir='ltr'><strong>anni</strong></span> <span class='ocrx_word' id='word_1_563' title='bbox 382 4162 398 4195; x_wconf 91' lang='lat' dir='ltr'><strong>a</strong></span> <span class='ocrx_word' id='word_1_564' title='bbox 417 4164 446 4197; x_wconf 89' lang='lat' dir='ltr'><strong>se</strong></span> <span class='ocrx_word' id='word_1_565' title='bbox 465 4150 609 4199; x_wconf 90' lang='lat' dir='ltr'><strong>constituti</strong></span> <span class='ocrx_word' id='word_1_566' title='bbox 628 4150 697 4200; x_wconf 83' lang='lat' dir='ltr'><strong>iecit</strong></span> <span class='ocrx_word' id='word_1_567' title='bbox 716 4153 894 4216; x_wconf 64' lang='lat' dir='ltr'><strong>principium</strong></span> <span class='ocrx_word' id='word_1_568' title='bbox 913 4152 938 4200; x_wconf 80' lang='lat'><strong>8.</strong></span> <span class='ocrx_word' id='word_1_569' title='bbox 959 4157 988 4199; x_wconf 91' lang='lat' dir='ltr'><strong>at</strong></span> <span class='ocrx_word' id='word_1_570' title='bbox 1007 4167 1098 4201; x_wconf 85' lang='lat' dir='ltr'><strong>eornm</strong></span> <span class='ocrx_word' id='word_1_571' title='bbox 1119 4154 1165 4216; x_wconf 87' lang='lat' dir='ltr'><strong>qui</strong></span> <span class='ocrx_word' id='word_1_572' title='bbox 1184 4160 1321 4203; x_wconf 88' lang='lat' dir='ltr'><strong>uocantur</strong></span> 
     </span>
     <span class='ocr_line' id='line_1_57' title="bbox 174 4216 1321 4283; baseline 0.006 -22"><span class='ocrx_word' id='word_1_573' title='bbox 174 4217 239 4262; x_wconf 89' lang='lat' dir='ltr'><strong>anui</strong></span> <span class='ocrx_word' id='word_1_574' title='bbox 259 4216 441 4278; x_wconf 78' lang='lat' dir='ltr'><strong>Augustorum</strong></span> <span class='ocrx_word' id='word_1_575' title='bbox 460 4217 683 4267; x_wconf 78' lang='lat' dir='ltr'><strong>‹lucenteusimus</strong></span> <span class='ocrx_word' id='word_1_576' title='bbox 701 4221 908 4283; x_wconf 77' lang='lat' dir='ltr'><strong>sexagensimus</strong></span> <span class='ocrx_word' id='word_1_577' title='bbox 927 4220 1048 4281; x_wconf 83' lang='lat' dir='ltr'><strong>quintus,</strong></span> <span class='ocrx_word' id='word_1_578' title='bbox 1068 4221 1184 4283; x_wconf 81' lang='lat' dir='ltr'><strong>perinde</strong></span> <span class='ocrx_word' id='word_1_579' title='bbox 1204 4237 1237 4270; x_wconf 80' lang='lat' dir='ltr'><strong>ex</strong></span> <span class='ocrx_word' id='word_1_580' title='bbox 1256 4221 1321 4271; x_wconf 83' lang='lat' dir='ltr'><strong>lial.</strong></span> 
     </span>
     <span class='ocr_line' id='line_1_58' title="bbox 173 4281 1321 4350; baseline 0.009 -22"><span class='ocrx_word' id='word_1_581' title='bbox 173 4281 248 4342; x_wconf 72' lang='lat' dir='ltr'><strong>lara,</strong></span> <span class='ocrx_word' id='word_1_582' title='bbox 272 4283 397 4345; x_wconf 85' lang='lat' dir='ltr'><strong>quamuis</strong></span> <span class='ocrx_word' id='word_1_583' title='bbox 420 4298 453 4331; x_wconf 79' lang='lat' dir='ltr'><strong>ca</strong></span> <span class='ocrx_word' id='word_1_584' title='bbox 477 4290 542 4333; x_wconf 91' lang='lat' dir='ltr'><strong>aute</strong></span> <span class='ocrx_word' id='word_1_585' title='bbox 566 4286 638 4334; x_wconf 87' lang='lat' dir='ltr'><strong>diem</strong></span> <span class='ocrx_word' id='word_1_586' title='bbox 662 4286 724 4335; x_wconf 78' lang='lat' dir='ltr'><strong>xt&#39;l</strong></span> <span class='ocrx_word' id='word_1_587' title='bbox 747 4287 811 4335; x_wconf 87' lang='lat' dir='ltr'><strong>Kal.</strong></span> <span class='ocrx_word' id='word_1_588' title='bbox 835 4286 915 4335; x_wconf 80' lang='lat' dir='ltr'><strong>Febr.</strong></span> <span class='ocrx_word' id='word_1_589' title='bbox 940 4287 1091 4350; x_wconf 83' lang='lat' dir='ltr'><strong>imperator</strong></span> <span class='ocrx_word' id='word_1_590' title='bbox 1120 4289 1229 4337; x_wconf 63' lang='lat' dir='ltr'><strong>(Faesar</strong></span> <span class='ocrx_word' id='word_1_591' title='bbox 1252 4289 1321 4338; x_wconf 86' lang='lat' dir='ltr'><strong>Diui</strong></span> 
     </span>
     <span class='ocr_line' id='line_1_59' title="bbox 173 4347 1320 4420; baseline 0.01 -26"><span class='ocrx_word' id='word_1_592' title='bbox 173 4347 246 4397; x_wconf 88' lang='lat' dir='ltr'><strong>filins</strong></span> <span class='ocrx_word' id='word_1_593' title='bbox 264 4351 406 4400; x_wconf 88' lang='lat' dir='ltr'><strong>sententia</strong></span> <span class='ocrx_word' id='word_1_594' title='bbox 424 4350 456 4399; x_wconf 91' lang='lat' dir='ltr'><strong>L.</strong></span> <span class='ocrx_word' id='word_1_595' title='bbox 476 4352 584 4402; x_wconf 85' lang='lat' dir='ltr'><strong>Munati</strong></span> <span class='ocrx_word' id='word_1_596' title='bbox 602 4351 701 4401; x_wconf 88' lang='lat' dir='ltr'><strong>l&#39;lanei</strong></span> <span class='ocrx_word' id='word_1_597' title='bbox 725 4368 742 4401; x_wconf 87' lang='lat' dir='ltr'><strong>a</strong></span> <span class='ocrx_word' id='word_1_598' title='bbox 760 4360 859 4403; x_wconf 86' lang='lat' dir='ltr'><strong>senatu</strong></span> <span class='ocrx_word' id='word_1_599' title='bbox 878 4354 1034 4418; x_wconf 79' lang='lat' dir='ltr'><strong>ceterisque</strong></span> <span class='ocrx_word' id='word_1_600' title='bbox 1054 4355 1164 4404; x_wconf 86' lang='lat' dir='ltr'><strong>ciuibus</strong></span> <span class='ocrx_word' id='word_1_601' title='bbox 1178 4357 1320 4420; x_wconf 76' lang='lat' dir='ltr'><strong>Augustus</strong></span> 
     </span>
    </p>
   </div>
   <div class='ocr_carea' id='block_1_3' title="bbox 0 0 1498 5002">
    <p class='ocr_par' dir='ltr' id='par_1_3' title="bbox 0 0 1498 5002">
     <span class='ocr_line' id='line_1_60' title="bbox 0 0 1498 5002; baseline 0 0"><span class='ocrx_word' id='word_1_602' title='bbox 0 0 1498 5002; x_wconf 95' lang='lat' dir='ltr'><strong> </strong></span> 
     </span>
    </p>
   </div>
  </div>
 </body>
</html>
