2964 5002
166 343 225 406 182
362 356 596 401 svrrnananrs
619 354 706 396 nram
729 355 772 395 oa
795 354 882 396 auno
905 352 1109 397 aeusuoavu

163 512 246 564 lando
258 526 316 560 rem
329 509 382 559 sibi
396 507 430 556 ad
444 507 514 557 cerri
537 505 635 556 endum
647 505 806 555 mandatam
818 503 890 555 ultro
908 505 973 569 quia
986 503 1186 570 demanarunt,
1200 504 1226 554 8.
1241 505 1311 555 adeo

165 583 321 632 aberratum
346 581 390 625 est
411 581 441 624 nt
464 574 494 623 C.
514 522 621 623 gaasar
643 573 769 638 pontifex
792 573 926 622 maximus
948 588 998 622 suo
1020 574 1065 624 111
1089 579 1118 623 et
1140 574 1177 622 lli.
1198 574 1311 623 Aemilii

164 646 265 714 Lepidi
284 643 442 702 consulatu,
468 657 520 707 quo
542 648 616 691 retro
638 640 768 690 delictum
788 638 953 705 corrigeret,
973 640 1041 691 diros
1059 656 1169 691 menses
1187 643 1311 690 interca-

165 717 250 766 larios
268 713 374 760 dierum
392 709 495 758 LXVII
513 710 542 757 in
559 724 680 758 mensem
699 709 881 758 Nouembrem
898 711 928 758 et
945 708 1128 759 Decembrem
1151 709 1311 774 interpone·

165 788 217 843 ret,
237 797 297 830 cum
317 781 372 827 iam
391 792 485 826 mense
502 776 655 826 Februario
679 775 740 826 dies
763 781 820 824 tres
839 781 868 825 ot
885 776 986 841 uiginti
1006 777 1214 835 intercalasset,
1235 777 1311 827 iace·

164 857 260 913 retque
281 862 341 895 eum
360 860 460 894 anirum
478 844 583 894 dierum
601 842 836 903 ccccxxm,
860 842 940 892 simul
964 843 1113 908 prouidens
1136 844 1166 894 in
1191 846 1312 894 futurum

165 934 199 967 ne
219 918 316 964 iterum
336 917 487 962 erraretur:
506 927 569 961 nam
586 911 767 961 intercalario
786 925 879 960 mense
897 910 1007 961 sublato
1026 927 1126 961 annum
1145 911 1258 962 ciuilem
1277 911 1313 961 ad

165 984 231 1035 solis
245 996 352 1033 cursrun
363 980 504 1029 formauit.
517 977 541 1028 u.
553 979 648 1042 itaque
661 978 758 1028 diebus
771 977 891 1027 CCCLV
903 977 1010 1027 addidit
1021 979 1055 1039 X,
1067 994 1135 1044 quos
1143 995 1193 1044 per
1205 985 1313 1044 septem

165 1065 282 1112 menses,
303 1049 349 1112 qui
367 1047 427 1096 dies
446 1045 640 1096 undetricenos
658 1046 814 1107 habebant,
840 1046 881 1095 ita
898 1045 1053 1105 distribuit,
1078 1052 1109 1097 ut
1132 1047 1266 1097 ianuario
1283 1052 1314 1097 et

167 1117 266 1168 Sextili
286 1121 314 1165 ct
332 1113 479 1165 Decembri
498 1114 558 1163 bini
576 1113 751 1174 accederent,
770 1113 872 1163 ceteris
885 1112 999 1178 singuli,
1016 1129 1120 1178 eosque
1139 1114 1202 1165 dies
1222 1119 1313 1165 extre-

165 1188 217 1236 mis
229 1183 355 1249 partibus
368 1195 490 1231 mensum
504 1181 640 1245 adposuit,
659 1197 695 1231 ae
716 1180 828 1231 scilieet
851 1179 1002 1246 religiones
1021 1182 1063 1233 sui
1082 1182 1217 1246 cuiusque
1236 1198 1312 1231 men·

165 1255 204 1304 sis
218 1268 234 1302 a
250 1251 313 1300 loco
330 1253 573 1298 summouerentur.
604 1247 644 1297 10.
663 1253 830 1314 quapropter
844 1262 918 1298 nunc
930 1264 992 1298 eum
1004 1249 1033 1298 in
1051 1255 1159 1314 septem
1172 1250 1314 1300 mensibus

166 1321 226 1370 dies
244 1317 347 1382 singuli
367 1321 395 1366 et
413 1317 513 1365 triceni
533 1317 598 1377 sint,
618 1321 748 1380 quattuor
765 1321 859 1365 tamen
877 1315 919 1364 illi
937 1317 979 1366 ita
996 1316 1123 1381 primitus
1137 1317 1261 1367 instituti
1279 1333 1313 1369 eo

166 1389 344 1438 dinoscuntur
362 1383 432 1448 quod
451 1399 538 1433 nonas
555 1383 661 1433 habent
678 1384 863 1449 septimanas,
889 1384 977 1433 ceteri
1000 1389 1057 1433 tres
1080 1399 1230 1449 omnesque
1248 1383 1314 1434 reli·

168 1455 213 1519 qui
232 1453 389 1518 quintanas.
426 1456 574 1516 praeterea
591 1466 639 1516 pro
658 1448 810 1516 quadrante
829 1451 887 1501 diei
905 1452 953 1515 qui
970 1467 1071 1501 annum
1088 1467 1186 1502 uerum
1202 1452 1314 1518 supple·

165 1528 242 1572 turus
260 1520 407 1570 uidebatur
425 1519 548 1567 instituit
565 1523 596 1566 ut
613 1524 727 1582 peracto
747 1518 920 1581 quadriennii
939 1519 1058 1568 circuitu
1081 1519 1142 1569 dies
1160 1535 1246 1582 unus,
1265 1520 1315 1569 ubi

167 1590 269 1639 mensis
288 1586 422 1652 quondam
440 1584 558 1641 solebat,
578 1593 640 1650 post
657 1586 816 1636 terminalia
833 1585 1055 1649 intercalaretur,
1076 1587 1148 1652 quod
1165 1603 1240 1637 nune
1257 1587 1314 1637 bis·

167 1662 273 1706 sextum
286 1660 409 1704 uocatur.
439 1651 478 1702 ll.
499 1669 533 1702 ex
551 1652 603 1702 boe
623 1662 695 1703 auno
709 1655 751 1703 ita
768 1670 785 1703 a
797 1652 869 1703 Iulio
883 1653 1004 1704 Caesare
1023 1654 1151 1704 ordinato
1171 1655 1260 1706 ceteri
1278 1653 1314 1704 ad

167 1729 288 1774 nostram
307 1719 465 1770 memoriam
484 1719 586 1769 Iuliani
606 1719 789 1785 appellantur,
809 1722 884 1785 iique
898 1726 1065 1786 correurgnut
1083 1737 1117 1770 ex
1130 1727 1229 1786 quarto
1242 1722 1314 1772 Cae·

167 1791 237 1841 saris
257 1789 410 1839 consulatu.
447 1787 495 1850 qui
511 1787 621 1837 etiamsi
639 1789 742 1851 optime
760 1803 814 1838 non
833 1788 893 1840 seli,
909 1795 1003 1839 temen
1021 1789 1056 1838 ad
1076 1803 1177 1839 aunum
1196 1795 1314 1841 naturae

167 1857 258 1923 aptati
276 1861 351 1905 sunt:
376 1870 440 1903 nam
458 1860 486 1903 et
503 1855 609 1919 priores
628 1856 707 1917 anui,
733 1857 818 1905 etiam
842 1856 866 1905 si
890 1856 936 1921 qui
959 1857 1173 1908 decemmestres
1192 1857 1312 1919 fruemini,

166 1940 219 1974 nec
236 1924 340 1973 Rornae
365 1921 444 1971 modo
466 1921 511 1971 uel
534 1937 584 1986 per
601 1922 714 1971 Italiam
733 1923 782 1972 sed
806 1929 834 1973 ct
858 1923 931 1988 apud
951 1930 1049 1989 gentes
1067 1939 1163 1973 omues
1182 1929 1314 1989 qnantum

96 1990 99 1997 '
166 1995 276 2056 poterat
294 1991 360 2039 item
378 1988 488 2037 fuerent
500 1991 628 2039 correcti.
658 1989 697 2038 tr.
714 1991 809 2054 itaque
822 2006 883 2040 eum
896 1990 931 2040 de
944 1991 1036 2056 alique
1055 2007 1187 2042 annorum
1200 2007 1314 2042 numero

166 2059 212 2107 nic
232 2058 339 2106 dicetur
361 2072 416 2106 non
440 2055 510 2106 alios
533 2072 583 2120 par
608 2058 661 2105 erit
684 2073 763 2121 quam
783 2058 925 2108 naturales
950 2060 1089 2124 accipere.
1125 2060 1163 2109 Et
1186 2061 1211 2111 si
1235 2060 1313 2124 origo

167 2125 259 2175 mundi
278 2125 307 2173 in
325 2123 461 2172 hominum
484 2125 613 2173 notitiam
631 2125 769 2186 neulsset,
794 2126 858 2174 inde
878 2127 1018 2177 exordium
1035 2142 1219 2177 sumeremus:
1238 2128 1311 2177 XXI.

168 2208 240 2242 nunc
258 2207 323 2241 uero
343 2191 370 2240 id
388 2191 565 2241 interuallum
584 2193 715 2257 temporis
738 2193 867 2242 tractabo
891 2193 962 2258 quod
985 2186 1131 2257 ἱστορικὸν
1153 2195 1242 2245 Varro
1267 2194 1313 2244 ad·

167 2259 264 2326 pellat.
300 2258 346 2308 bie
366 2259 440 2308 enim
457 2258 513 2308 tria
530 2259 692 2309 discrimina
710 2266 862 2326 temporum
881 2276 943 2312 esse
961 2262 1056 2323 tradit,
1076 2263 1193 2327 primum
1212 2263 1248 2313 ab
1266 2262 1325 2333 lto-¹

168 2327 270 2376 minum
293 2326 429 2391 principio
454 2327 489 2375 ad
512 2326 711 2389 cataclysmum
735 2328 867 2392 priorem,
898 2328 969 2392 quod
991 2335 1103 2394 propter
1126 2329 1315 2395 ignorantiam

167 2400 284 2445 uocatur
301 2382 420 2458 ἄδηλον,
440 2393 588 2443 secuudum
608 2411 625 2444 a
644 2395 814 2459 cataclysmo
833 2396 924 2461 priore
937 2396 971 2445 ad
984 2396 1168 2461 olympiadem
1187 2398 1313 2463 primam,

168 2461 239 2526 qued
258 2462 324 2525 quia
342 2462 371 2509 in
390 2476 422 2509 eo
440 2460 528 2510 multa
545 2461 674 2511 fabulosa
692 2462 846 2512 referuntur
863 2458 993 2528 μυθικὸν
1010 2465 1181 2526 nominatur,
1196 2466 1314 2525 ,tertium

169 2546 186 2579 a
205 2530 294 2593 prima
312 2527 468 2593 olympiade
488 2527 523 2577 ad
540 2544 591 2578 nos
605 2530 676 2593 quod
688 2529 791 2580 dicitur
808 2523 961 2594 ἱστορικόν,
981 2533 1046 2598 quia
1058 2547 1102 2582 res
1116 2533 1144 2581 iu
1164 2548 1196 2581 eo
1215 2538 1315 2597 gestae

167 2598 243 2646 ueris
262 2596 385 2645 historiis
403 2596 587 2645 continentur.
614 2597 638 2646 2.
659 2597 775 2661 primum
794 2599 866 2647 enim
884 2603 992 2663 tempus
1010 2600 1069 2648 siue
1088 2599 1187 2649 babuit
1204 2601 1314 2650 initium

168 2680 216 2713 seu
240 2679 349 2728 semper
372 2663 425 2711 snit
449 2667 525 2712 certe
549 2668 615 2726 (prot
633 2680 763 2714 annorum
785 2666 822 2715 sit
845 2681 898 2715 non
917 2671 1009 2730 potest
1029 2666 1234 2731 comprehendi.
1271 2683 1315 2717 ee·

169 2731 286 2781 cundum
303 2745 358 2779 iren
377 2730 458 2794 plane
478 2730 586 2793 quidem
604 2732 701 2791 scitur,
727 2732 776 2781 sed
798 2738 892 2782 tamen
917 2734 951 2782 ad
974 2733 1049 2784 mille
1074 2735 1188 2784 circiter
1206 2741 1236 2783 et
1253 2750 1314 2785 sex·

170 2804 266 2847 centos
286 2813 370 2846 annos
390 2813 450 2844 esse
470 2798 598 2846 ereditur.
636 2814 652 2846 a
670 2800 761 2863 priore
780 2800 891 2850 scilieet
909 2801 1093 2864 cataclysmo,
1120 2818 1200 2866 quern
1219 2802 1315 2852 dicuat

170 2865 282 2930 Ogygii,
304 2864 338 2913 ad
356 2863 453 2912 Inachi
473 2879 585 2928 regnum
604 2866 669 2914 amri
688 2874 751 2916 srrnt
770 2868 884 2916 circiter
903 2869 1096 2934 quadringenti
1116 2883 1133 2914 a
1150 2884 1181 2932 a,
1200 2870 1267 2920 lriuc
1281 2869 1315 2919 ed

169 2932 353 2995 olympiadem
371 2931 486 2994 primum
505 2932 587 2996 paulo
605 2932 666 2997 plus
685 2934 889 2998 quadringenti.
926 2952 992 3000 quos
1016 2937 1089 2986 solos
1114 2938 1240 3002 quamuis
1258 2953 1315 3001 my·

169 3000 236 3048 tlriei
262 2998 392 3063 temporis
415 3005 569 3062 postremos
593 3006 686 3050 tamen
710 3003 773 3066 quia
798 3019 814 3051 a
838 3005 970 3054 memoria
989 3004 1152 3068 scriptorum
1176 3007 1315 3070 proximos

168 3065 278 3132 quidam
305 3065 407 3114 certius
431 3067 546 3116 definire
564 3067 717 3117 uoluerunt.
759 3070 783 3120 3.
805 3076 833 3119 et
852 3071 960 3135 quidem
979 3071 1101 3121 Sosibius
1120 3073 1236 3137 scripsit
1255 3088 1315 3123 esse

169 3132 405 3193 CCCLXXXXV,
426 3133 626 3184 Eratosthenes
645 3141 738 3185 antem
756 3142 863 3202 septem
883 3144 911 3188 et
929 3139 1157 3204 quadringentos,
1183 3140 1315 3191 Timaeus

168 3199 356 3260 CCCCXVH,
375 3201 474 3250 Aretes
492 3202 615 3264 llXIIIl,
636 3209 664 3253 et
682 3211 829 3268 praeterea
851 3205 1071 3267 multidiuerse,
1096 3224 1211 3271 quornm
1230 3211 1314 3258 etiam

168 3267 229 3330 ipsa
242 3267 377 3316 dissensio
391 3269 525 3317 incertum
539 3286 600 3319 esse
613 3270 748 3320 declarat.
768 3272 793 3321 ⁶1.
805 3273 839 3322 de
852 3274 935 3323 tertio
948 3279 1040 3323 autem
1052 3280 1175 3341 tempore
1190 3274 1245 3325 iuit
1258 3277 1315 3341 qui·

168 3334 229 3382 dem
249 3334 341 3399 aliqua
359 3336 431 3385 inter
450 3344 577 3387 arretores
596 3338 730 3389 dissensio
750 3341 778 3388 in
796 3356 844 3391 sex
863 3346 1003 3405 septeniue
1026 3343 1215 3393 tantummodo
1236 3345 1316 3393 aunis

168 3408 294 3450 uersata:
313 3403 338 3451 5.
353 3403 401 3452 scd
419 3403 471 3453 hoe
491 3404 676 3470 quodcumque
690 3405 821 3472 caliginis
833 3408 920 3458 Varro
939 3409 1085 3471 discussit,
1105 3416 1133 3459 et
1151 3428 1200 3477 pro
1219 3417 1316 3461 cetera

169 3484 219 3516 arra
237 3471 395 3533 sagacitate
413 3487 485 3519 nunc
504 3472 674 3522 diuersarum
694 3475 849 3524 ciuitatium
870 3477 1014 3526 conferens
1027 3483 1160 3542 tempera,
1180 3495 1254 3530 arrrnc
1268 3479 1314 3529 de·

170 3536 259 3585 lectus
284 3552 429 3602 eorumque
453 3539 602 3589 interualla
630 3545 703 3590 retro
733 3542 923 3603 dinumerans,
952 3546 1023 3594 eruit
1051 3560 1144 3595 uerrrm
1169 3546 1315 3611 lucemque

169 3604 300 3664 ostendit,
319 3621 369 3668 per
388 3621 467 3668 quarn
487 3622 614 3657 nanterus
632 3616 725 3658 certus
749 3626 802 3670 non
827 3627 959 3662 annerum
982 3613 1060 3662 ruodo
1084 3615 1133 3662 sed
1158 3622 1186 3663 et
1209 3615 1315 3664 dierum

168 3672 288 3734 perspici
306 3673 402 3736 possit.
430 3673 454 3722 o.
476 3675 625 3724 senciendum
644 3691 723 3740 quam
737 3678 871 3729 rationem
891 3680 945 3728 nisi
964 3679 1046 3729 fallor
1064 3680 1109 3730 lrie
1129 3697 1218 3731 urrnus
1238 3683 1316 3732 errius

168 3737 244 3786 uelut
267 3739 348 3787 iudex
373 3746 401 3788 et
424 3741 520 3790 titulus
544 3749 586 3790 est
603 3742 680 3808 Ulpii
705 3750 733 3793 et
755 3746 875 3794 Pontaui
900 3747 1072 3807 collaudatus,
1097 3748 1131 3796 ab
1156 3749 1315 3814 olympiade

168 3805 256 3870 priam
275 3805 456 3857 millensimus
476 3814 564 3858 estet
584 3817 698 3874 apiarius
717 3812 849 3874 decimus,
871 3829 902 3863 ex
922 3814 1019 3863 diebus
1032 3816 1167 3865 duntaxat
1186 3819 1315 3878 aestiuis,

169 3873 267 3937 quibus
281 3889 353 3937 agen
367 3873 527 3939 Olympicus
546 3878 720 3938 celebratur,
744 3895 761 3928 a
780 3881 866 3930 Roma
886 3887 976 3931 antem
992 3883 1102 3932 corulila
1115 3886 1317 3948 nongentensi·

169 3956 226 3990 inus
245 3943 459 4005 nonagensimus
477 3944 592 4007 primns,
614 3950 642 3994 et
661 3947 770 4011 quidem
790 3965 822 3997 ex
841 3948 990 4007 Parilibus,
1011 3951 1082 3999 unde
1095 3951 1173 4000 urbis
1187 3969 1243 4002 aun
1257 3955 1316 4002 iuu-

169 4016 321 4068 rnerantur;
340 4008 364 4057 7.
380 4025 471 4059 eorrrm
483 4026 550 4073 uere
564 4028 695 4063 annorum
714 4016 813 4080 quibus
830 4016 948 4066 Iulianis
960 4033 1058 4066 nornen
1078 4024 1120 4067 est
1138 4018 1316 4070 dueentensi-

169 4092 227 4126 mim
250 4077 455 4141 octogensimus
476 4081 586 4139 tertius,
613 4082 661 4131 sed
685 4098 718 4130 cx
742 4084 786 4131 die
811 4084 873 4132 Kal.
899 4085 1104 4139 Ianuariarum.
1131 4087 1203 4135 urnle
1228 4088 1317 4138 Iulius

169 4144 274 4194 Caesar
293 4144 358 4193 anni
377 4160 393 4192 a
412 4160 441 4194 se
461 4148 605 4197 constituti
624 4149 693 4198 iecit
711 4152 890 4215 principium,
909 4153 934 4200 8.
956 4159 985 4201 at
1004 4169 1096 4202 eorum
1115 4154 1160 4217 qui
1180 4162 1317 4205 rrocantur

170 4214 235 4260 anni
254 4213 436 4277 Augustorum
456 4214 678 4265 dueentensimus
696 4221 905 4282 sexagensimus
924 4222 1045 4283 quintus,
1064 4221 1179 4284 perinde
1200 4239 1233 4271 ex
1252 4223 1316 4272 Kal.

169 4278 244 4342 Iam,
268 4281 392 4343 quamuis
416 4296 448 4330 ex
472 4287 537 4331 anto
562 4284 633 4332 diem
656 4285 720 4333 Xl'i
743 4284 806 4334 Kal.
831 4286 911 4334 Febr.
937 4288 1087 4352 imperator
1116 4288 1225 4338 i‘aeaar
1248 4291 1315 4340 Iliui

169 4344 241 4394 lilius
260 4349 401 4398 seutentia
419 4349 452 4397 L.
472 4350 579 4399 lliunati
599 4350 696 4401 l'lanei
721 4367 737 4400 a
755 4359 854 4402 senatu
874 4355 1031 4419 ceterisque
1050 4356 1159 4404 ciuibus
1173 4356 1316 4420 Arrgrrstus
