2964 5002
151 355 191 418 92
524 377 566 417 na
590 374 677 417 vrars
700 376 913 417 mavsrmavs

689 528 754 586 ΙΙΠ

65 617 139 689 78*
235 632 458 691 annuerimus
488 595 694 688 historiarum
723 625 862 689 scribtor
890 636 922 689 ct
951 627 1131 689 carminum
1162 635 1291 714 septua-

152 729 305 811 genarius
328 727 462 790 moritur
483 719 701 812 sepeliturque
723 726 833 792 Cumis
858 733 889 803 (i
905 753 931 790 a.
955 738 1034 807 772).

709 851 737 910 V

67 946 143 1018 79*
237 963 384 1024 qvlu'rvs
401 961 569 1010 ascoulvs
584 963 756 1035 Paurnuvs
774 947 912 1013 scribtor
923 948 1096 1012 historicus
1112 949 1221 1012 clanis
1238 947 1292 1011 ha-

152 1050 246 1114 betur
270 1056 308 1125 (a.
330 1057 417 1127 sav:
438 1050 494 1135 qui
516 1034 670 1113 Lxxlli
685 1051 803 1114 aetatis
822 1070 900 1113 suae
922 1072 1006 1115 anno
1026 1063 1141 1136 captus
1164 1049 1292 1113 lumini·

152 1151 212 1215 bus
235 1150 304 1214 XII
315 1161 428 1238 postea
450 1152 544 1215 anuis
566 1154 599 1215 in
624 1173 747 1216 summo
770 1153 912 1216 omniurn
934 1151 1055 1217 honore
1077 1150 1313 1216 consenescits

702 1276 747 1335 vr
1191 1316 1231 1379 :q

67 1358 114 1429 80
237 1358 383 1491 amm*
399 1380 578 1438 slschDvs
595 1371 849 1462 Nouocomensis
870 1371 1075 1459 equestribus
1099 1362 1293 1439 militiisin-

154 1476 278 1540 dustric
297 1471 446 1552 hrudim,
466 1474 711 1561 procurationes
727 1494 854 1561 quoque
875 1474 1156 1562 splendidissimas
1176 1484 1294 1539 eleon-

108 1652 110 1659 ‚
152 1579 260 1643 tinuas
286 1596 411 1640 summa
432 1576 621 1659 integritate
644 1575 816 1645 administr,
836 1577 900 1659 uit3
923 1586 954 1641 et
972 1586 1081 1641 tamen
1099 1574 1295 1641 liberalibus

154 1678 271 1743 studiis
292 1686 416 1741 tantam
440 1697 571 1762 operam
600 1676 706 1760 dedit,
733 1687 770 1741 ut
841 1701 862 1742 n
888 1677 1008 1743 temere
1037 1679 1111 1764 qnis
1136 1650 1239 1764 plur*
1260 1678 1294 1741 in

163 1851 165 1859 ’
240 1880 294 1936 ts*
312 1884 495 1949 Hieronymus
514 1882 557 1932 or.
584 1869 646 1943 reo,
665 1882 689 1934 s.
725 1883 833 1934 Plinius
850 1885 883 1934 n.
903 1885 937 1933 Η.
957 1885 1077 1935 xxxrn
1099 1883 1157 1933 rao:
1196 1885 1292 1935 ‘sene-

155 1952 238 2004 stella
261 1953 307 2019 qui
332 1952 402 2001 obiit
424 1951 572 2001 nouissimo
607 1951 713 2002 Tiberii
733 1951 862 2002 Caesaris
884 1951 1060 2018 principatu'.
1108 1951 1168 2002 ‘hic
1187 1967 1292 2018 quoquo

154 2023 360 2139 fflqpppplrplusml
377 2020 515 2138 eharitatis
539 2024 646 2084 tempus
670 2035 731 2069 cum
755 2020 836 2071 fatali
859 2027 1028 2086 permutasse
1051 2021 1204 2071 verisimile
1228 2018 1291 2070 sst'

240 2170 294 2226 ll*
311 2173 494 2236 Hieronymus
518 2170 561 2220 01.
586 2172 651 2233 213,
675 2171 701 2223 3.
719 2199 752 2208 -
769 2171 904 2229 Ascordus
927 2173 962 2223 ad
985 2172 1066 2222 Corn.
1091 2190 1118 2238 p.
1137 2173 1171 2223 76
1194 2173 1291 2223 Orelli:

156 2243 321 2361 &igiturque
351 2237 467 2292 noster'.
496 2239 566 2290 haec
591 2241 743 2307 adpellatio
766 2247 842 2291 recte
861 2239 896 2290 ad
919 2254 1087 2333 commqpem
1110 2243 1229 2307 patriam
1252 2256 1292 2331 re·

241 2392 274 2448 80
296 2395 413 2445 Codices
431 2392 573 2443 Naturalis
591 2393 725 2443 historiae
743 2393 828 2444 Plinii
848 2395 874 2445 S.
888 2394 1034 2444 XI-XV:
1067 2395 1140 2443 ‘Vita
1157 2393 1241 2443 Plinii
1261 2409 1293 2443 ex

157 2465 286 2530 catalogo
303 2480 347 2514 seu
365 2463 435 2512 libro
454 2463 572 2529 uirorum
591 2462 738 2516 illustrium
750 2462 914 2528 Tranquilli.
928 2461 1077 2513 Plinius’
1098 2480 1121 2512 e.
1136 2477 1160 2526 q.
1174 2476 1195 2510 s.
1225 2462 1292 2511 Bre-

156 2533 198 2583 vis
216 2533 358 2583 adnotatio
376 2532 410 2580 de
428 2530 532 2578 duobus
545 2529 644 2579 Pliniis
664 2567 713 2579 ...
732 2529 852 2580 collecta
870 2547 919 2595 per
931 2532 1062 2581 Ioannem
1078 2529 1293 2580 Mansiouarium

92 2661 96 2668 ι
157 2598 343 2652 Vstonensem
361 2600 395 2660 (a.
409 2617 433 2649 a.
453 2599 538 2662 1313)
557 2599 585 2646 in
598 2598 745 2648 licazoniei
764 2598 899 2663 disquisit.
913 2598 1033 2649 Plinian.
1052 2599 1066 2649 1
1083 2615 1110 2665 p.
1129 2597 1158 2645 7:
1178 2597 1222 2646 ‘de
1240 2597 1293 2646 lroc

157 2672 245 2720 refert
263 2669 408 2720 Suetonius
426 2665 603 2732 Tranquillus
623 2667 692 2729 quod
710 2666 792 2716 ualde
811 2667 926 2715 miratur
943 2669 1032 2716 uirum
1050 2665 1216 2716 militaribus
1235 2664 1293 2714 oifi·

158 2740 210 2788 ciis
233 2738 354 2788 deditum
378 2742 459 2785 tanta
482 2749 644 2799 componore
672 2734 796 2799 potuisse
816 2735 900 2784 etiam
920 2737 1025 2785 ratione
1041 2737 1134 2796 nitae;
1170 2750 1247 2796 nam,
1266 2737 1296 2782 ut

157 2807 227 2855 dicit
243 2806 316 2855 idem
335 2804 482 2853 Suetonius
501 2803 529 2851 in
547 2801 616 2850 libro
634 2802 667 2851 do
686 2803 760 2851 Viris
778 2802 946 2865 illustribus,
965 2804 1027 2852 dum
1046 2803 1118 2852 idem
1132 2801 1237 2851 Plinius
1256 2801 1294 2851 le·

158 2875 255 2938 giones
274 2874 301 2922 in
321 2871 444 2921 Siciliam
463 2872 590 2931 duceret,
611 2871 752 2934 eruptione
773 2869 929 2920 fauillarum
948 2872 983 2920 ab
1002 2873 1092 2921 Aetna
1111 2871 1295 2920 eructantium

158 2942 335 3007 praefocatus
353 2941 461 2989 interiit
478 2955 549 2988 anuo
568 2938 644 2987 uitae
663 2953 729 2987 suae
749 2940 975 3004 quinquagesimo
998 2946 1074 2989 sexto
1099 2944 1128 2988 et
1151 2939 1181 2986 in
1198 2938 1297 2988 sicilia

158 3005 326 3058 tumulatur.’
357 3008 540 3071 Hieronymus
553 3006 596 3056 01.
610 3006 675 3067 222,
697 3005 707 3054 l
727 3004 763 3067 (a.
779 3009 853 3070 860).·
879 3007 994 3057 ‘Plinius
1012 3007 1153 3057 Secundus
1171 3006 1296 3056 Nouoco-

159 3077 261 3126 mensis
274 3076 500 3138 (nouecomeuses
517 3074 553 3138 B)
567 3079 660 3123 orator
672 3079 700 3124 et
711 3073 859 3124 historicus
878 3075 996 3140 insignis
1009 3074 1144 3139 (insignes
1162 3072 1198 3135 B)
1212 3073 1296 3124 habe·

158 3149 212 3206 tur,
231 3145 308 3194 cuins
327 3142 444 3209 plurima
460 3143 566 3209 ingenii
584 3158 668 3207 opera
685 3144 871 3204 (monumenta
889 3143 969 3201 Saul.)
983 3141 1097 3193 extant)
1126 3142 1213 3192 verba
1226 3157 1296 3207 quae

159 3210 241 3278 vulgo
254 3218 384 3262 secuntur
398 3211 493 3276 ‘periit
506 3212 567 3260 dum
580 3211 677 3260 inuisit
688 3209 850 3260 Vesuuium’
866 3227 882 3260 a
897 3211 972 3261 BPF
981 3212 1099 3262 testibus
1112 3209 1255 3273 Scaligero
1270 3216 1298 3260 et

158 3281 283 3329 Pontaco
296 3281 404 3329 absunt.
431 3279 561 3343 temporis
574 3279 716 3327 notatione
735 3278 876 3341 doeemur,
895 3279 1016 3329 Plinium
1031 3279 1162 3329 maiorem
1176 3294 1237 3328 cum
1251 3279 1298 3329 rni-

159 3364 224 3397 nore
242 3348 385 3397 confusum
404 3363 477 3410 essa,
497 3348 568 3412 quod
581 3353 609 3395 ct
621 3347 714 3395 vorbis
732 3346 839 3396 ‘orator
858 3345 900 3396 et'
920 3348 1067 3397 indicatur.
1081 3375 1111 3381 —
1125 3345 1234 3395 Plinius
1254 3363 1296 3412 ep.

159 3416 242 3465 1115:
263 3416 438 3481 ‘Pergratum
457 3421 499 3465 est
511 3415 577 3464 mihi
591 3415 660 3479 quod
674 3420 731 3463 tam
743 3415 893 3480 diligenter
909 3415 994 3466 libros
1008 3414 1136 3465 auunculi
1150 3415 1203 3463 mei
1218 3415 1297 3463 lecti·

159 3489 218 3543 tas,
238 3488 269 3533 ut
286 3483 388 3533 habere
408 3499 501 3532 omnes
520 3483 590 3532 uelis
609 3498 780 3546 quaerasque
805 3484 850 3546 qui
868 3483 924 3532 sint
942 3499 1044 3533 omnes.
1080 3485 1180 3543 torrear
1198 3483 1298 3531 indicis
1325 3531 1329 3537 ,

158 3552 284 3616 partibus
308 3557 390 3615 atque
414 3554 498 3600 etiam
523 3566 574 3615 quo
597 3551 650 3599 sint
673 3551 768 3601 ordine
793 3551 890 3615 scripti
913 3559 1007 3601 notum
1031 3551 1083 3600 tibi
1102 3552 1217 3600 faciam:
1256 3555 1298 3599 est

160 3620 231 3669 enim
258 3621 328 3670 haec
359 3634 465 3683 quoque
493 3619 625 3669 studiosis
647 3634 701 3668 non
724 3619 873 3695 iniqaunda
897 3620 1029 3683 cognitio.
1069 3620 1102 3667 ‹le
1126 3619 1296 3668 iaculatione

160 3689 280 3753 equestri
298 3702 381 3737 unus:
417 3687 503 3749 hunc,
523 3702 584 3737 cum
607 3688 765 3751 praelectus
790 3687 851 3736 alae
875 3687 1020 3751 militaret,
1040 3689 1100 3752 pari
1119 3688 1232 3749 ingenio
1252 3701 1297 3735 cu·

245 3905 258 3956 l
283 3888 458 3970 carminum]
488 3892 559 3950 ‘imo
588 3892 741 3951 annalium
771 3913 827 3951 aon
850 3891 1022 3951 carminum.
1054 3895 1100 3950 la‘c
1126 3894 1207 3948 aliud
1233 3908 1297 3965 aps·

159 3986 207 4040 bat
222 3980 443 4052 Hieronymus!
463 3978 537 4035 Scal.
558 3971 572 4058 ll
594 3976 756 4053 3Quintus
776 3979 925 4035 Asconius
941 3979 967 4033 P
983 3976 1020 4054 Q
1045 3977 1196 4035 Asconius
1221 3978 1296 4033 Scal.

161 4066 197 4126 C.
210 4065 379 4125 Pasconius
394 4066 420 4119 B
441 4056 454 4140 ΙΙ
475 4061 627 4121 Pedianus
645 4064 672 4119 B
688 4064 789 4138 (Saul.)
812 4062 985 4121 Paedianus
1002 4065 1029 4118 Ρ
1040 4056 1053 4142 Η
1068 4071 1084 4123 6
1106 4061 1224 4121 Plinius
1243 4061 1296 4119 Se·

163 4151 278 4210 camdus
295 4171 348 4208 om.
368 4152 520 4207 Taletonus
544 4150 763 4205 Vindohanrusis
779 4155 795 4205 9
811 4151 963 4205 Parisinus
983 4149 1098 4206 malost
1118 4148 1298 4203 Barbariana

164 4244 240 4293 2503
254 4234 267 4317 ll
282 4230 536 4310 Nouocomensis]
554 4234 799 4303 nouccomensis,
824 4252 1102 4301 narrcrncomenseS,
1115 4251 1224 4289 nouem
1240 4250 1297 4310 quo

162 4341 296 4398 menses,
316 4340 425 4379 nouem
442 4339 577 4389 meuses,
593 4338 700 4376 nouem
711 4316 864 4375 mensibus
880 4322 946 4376 libri
961 4337 1015 4374 aon
1030 4321 1101 4374 rualli
1118 4311 1131 4397 Η
1153 4315 1300 4390 industrie

170 4407 323 4464 Vaticanus
344 4413 414 4464 1951
432 4407 464 4478 (s.
481 4407 512 4462 X
519 4406 552 4478 V)
571 4425 589 4460 a
604 4406 738 4461 Lersclrio
753 4406 884 4463 conlatus
