2964 5002
163 357 224 419 500
337 381 339 385 ¹
578 374 612 415 ru
626 373 725 414 vrrau
740 371 888 415 rancura

163 546 265 606 paone
281 527 509 585 intermortuam
523 525 699 584 memoriam
714 526 747 583 in
762 524 970 601 Anthologiac
986 524 1039 582 lat.
1055 524 1218 583 corollario
1236 525 1301 602 epi·

165 629 326 706 graprhico,
344 648 404 716 qap
420 626 514 684 iudici
528 626 699 685 scholarum
714 625 897 684 aestivarum
913 626 986 684 anni
1006 633 1072 687 185³
1086 624 1301 703 proludebam,

122 753 124 757 ·
165 729 345 788 resuscitavi
366 749 397 808 p.
415 740 450 785 xl
466 747 529 807 sq.,
551 720 635 786 certa
654 736 756 787 autom
776 728 1011 786 ratiocinatione
1033 727 1126 786 etiam
1146 726 1303 785 Plautinis
1336 787 1340 794 ,

163 829 301 890 'versibus
316 830 407 889 Most.
424 821 489 892 7921
501 829 613 907 Amph.
629 837 679 891 631
695 828 945 906 redintegrandis
961 810 1104 901 adhibui,
1122 847 1141 884 a
1156 827 1303 888 Volcatio

165 952 201 991 oo
218 933 317 990 miuus
334 932 437 989 aliena
452 911 624 1000 videbitur,
638 950 697 1008 quo
714 931 825 988 certius
842 939 889 989 est
901 930 1080 1009 posterioris
1097 929 1208 989 aetatis
1224 928 1303 987 duos

164 1033 234 1092 illos
250 1027 354 1092 titulos
369 1032 478 1111 (Orcll.
495 1040 574 1094 2863.
587 1032 684 1090 Inscr.
698 1032 797 1110 Neap.
811 1029 875 1108 4⁶23)
896 1051 964 1090 esse
976 1051 1104 1111 quorum
1115 1030 1303 1090 testimoniis

163 1135 240 1195 fides
257 1136 321 1193 cius
337 1135 453 1192 formae
474 1132 572 1192 omnis
594 1129 818 1208 continetur‘ll.
862 1133 936 1211 Ipsa
962 1143 1065 1192 autem
1086 1133 1194 1193 ‘simul’
1217 1132 1302 1190 notio

165 1256 226 1316 quo
247 1244 383 1315 spectet,
405 1254 507 1294 rursus
529 1235 654 1312 planum
673 1235 706 1292 fit
728 1254 744 1292 e
767 1233 953 1293 didascaliis.
998 1233 1125 1313 Quippe
1151 1235 1222 1298 nnis
1244 1235 1303 1292 eis·

166 1339 297 1418 demque
320 1336 400 1396 ludis
423 1335 603 1395 funebribus
624 1335 749 1395 Aemilii
770 1336 885 1407 Paulli,
911 1356 988 1414 quos
1010 1336 1113 1395 fecere
1131 1334 1172 1413 Q.
1187 1333 1303 1404 Fabius

164 1441 314 1501 Maximus
338 1439 375 1496 P.
399 1436 560 1496 Cornelius
581 1437 760 1510 Africanus,
787 1437 824 1495 L.
846 1437 956 1496 Anicio
982 1437 1073 1497 Gallo
1094 1437 1138 1496 M.
1156 1435 1303 1496 Cornelio

166 1542 304 1619 Cethego
320 1559 383 1601 cos.
399 1539 429 1598 h.
445 1559 473 1598 e.
490 1558 572 1598 anno
588 1536 671 1598 urbis
687 1549 752 1606 594.
777 1547 808 1597 et
822 1537 959 1617 Adelphi
982 1549 1050 1597 acta
1065 1548 1112 1597 est
1133 1557 1217 1619 quae
1238 1538 1304 1616 pla·

165 1645 240 1717 cuit,
269 1652 299 1702 ct
325 1643 434 1701 iterum
461 1639 534 1698 data
555 1640 695 1719 Hecyra,
723 1659 802 1718 quac
829 1659 882 1698 cur
904 1660 944 1699 ne
964 1648 1027 1698 turn
1049 1639 1174 1719 quidem
1195 1641 1304 1718 peragi

165 1755 272 1825 posset
292 1744 377 1823 (nam
400 1743 542 1801 ‘exclusa'
563 1742 624 1801 iam
639 1761 667 1799 a.
683 1750 734 1803 589
751 1751 831 1813 crat,
862 1762 929 1801 cum
950 1741 983 1800 in
1009 1760 1154 1800 scaenam
1174 1741 1304 1821 primum

164 1847 338 1906 deferretur
352 1847 390 1904 T.
405 1843 523 1902 Manlio
540 1843 698 1922 Torquato
714 1841 771 1902 On.
789 1839 919 1903 Octavio
936 1839 1028 1920 coa),
1043 1845 1112 1922 ipse
1134 1851 1222 1901 actor
1243 1843 1304 1921 pri·

164 1968 279 2009 marum
293 1947 436 2025 idemque
452 1944 593 2004 domium
608 1945 710 2022 gregis
723 1943 883 2003 Ambivius
896 1946 1013 2024 Turpio
1027 1944 1171 2023 exposuit
1182 1945 1305 2023 prologi

165 2051 289 2111 alterius
304 2069 334 2108 v.
349 2057 385 2111 29
399 2047 439 2105 ad
455 2055 499 2109 33.
532 2045 759 2124 Ergobrevem
775 2048 1036 2106 enumerationem
1053 2046 1229 2106 fabularum
1243 2047 1304 2106 Te·

163 2153 373 2210 rentiauarum
386 2149 519 2208 omnium
531 2147 747 2228 percommode
755 2148 914 2208 Volcatius
926 2146 1123 2228 potuitvelut
1134 2150 1191 2208 tali
1204 2130 1312 2208 exem-V

164 2254 218 2332 plo
233 2253 417 2311 terminare:

250 2453 275 2511 *l
294 2456 325 2505 ln
344 2452 471 2520 epistulis
481 2452 622 2503 Ciceronis
640 2458 706 2517 quot
723 2454 844 2520 vestigia
861 2452 993 2504 sermonis
1010 2452 1148 2518 vulgaris,
1169 2455 1217 2519 qui
1234 2453 1305 2504 idem

168 2558 229 2593 csse
248 2543 354 2606 priscus
373 2538 458 2599 solet,
486 2543 599 2587 servata
621 2538 688 2600 sint,
716 2553 803 2602 nuper
821 2537 928 2586 demum
951 2543 1084 2587 aestuata
1109 2539 1304 2590 observatione

166 2627 334 2676 Franciscus
353 2623 538 2672 lluecltclerus
557 2628 716 2686 persecutus
736 2631 778 2672 est
795 2623 885 2672 lllusei
903 2622 990 2671 ltlten.
1008 2623 1048 2671 XI
1065 2638 1091 2687 p.
1105 2621 1156 2672 509
1175 2640 1236 2688 sqq.
1266 2624 1305 2673 Eo

168 2712 252 2775 igitur
271 2709 317 2757 ille
332 2709 415 2756 retiam
428 2707 479 2755 lroc
494 2708 591 2768 refert,
613 2707 682 2770 quod
697 2707 730 2755 ad
744 2710 799 2754 nn.
812 2707 878 2768 VII,
897 2706 921 2759 a.
936 2708 951 2755 2
970 2708 1101 2772 scripturn
1120 2715 1164 2756 est
1181 2713 1206 2758 si
1222 2712 1305 2765 micilo,

168 2797 214 2843 ubi
234 2794 373 2843 salutantia
392 2792 506 2854 requirit
528 2795 600 2839 sinnd
622 2792 774 2839 notionem:
800 2793 900 2856 quippe
926 2794 1073 2841 conflatam
1098 2808 1157 2842 esse
1184 2808 1305 2842 sinuare

167 2881 331 2944 scripturum
352 2893 365 2925 e
384 2877 548 2938 vetustiore,
572 2891 625 2939 qua
644 2876 695 2924 ltoc
715 2877 774 2925 loeo
794 2876 890 2925 luserit
909 2877 1019 2937 eia-oro,
1045 2892 1143 2927 srurru
1167 2878 1306 2943 particula

169 2970 195 3013 et
215 2966 273 3012 eitts
293 2963 522 3025 interpretatione
542 2976 635 3010 stura.
664 2963 751 3022 Quam
766 2966 858 3010 utitem
871 2961 917 3009 diu
934 2963 1015 3010 m'rnitu
1035 2963 1137 3011 fortune
1152 2977 1220 3011 usus
1233 2980 1305 3011 rnau·

167 3049 248 3105 serit,
275 3047 359 3094 etiarn
384 3062 416 3094 ex
441 3046 639 3110 epigrammate
664 3045 849 3110 Antlrologiae
874 3047 906 3108 l',
930 3047 951 3109 1,
974 3047 1004 3095 ltl
1022 3047 1111 3096 llnrm.
1137 3047 1216 3101 (1024
1236 3049 1308 3113 apud

168 3132 318 3195 bleyertnn)
331 3131 471 3196 intellegi:
483 3133 552 3180 Hinc
562 3132 679 3183 borsines.
692 3138 806 3179 arntcnta
818 3133 906 3188 sinutn,
925 3138 948 3180 et
960 3135 1055 3180 seiteina
1066 3148 1164 3180 rcrunu:
1181 3133 1222 3181 ita
1237 3135 1307 3182 enirn

169 3217 228 3280 (scd
248 3215 299 3264 ltoe
318 3221 428 3280 praet-er
447 3215 513 3275 aliu)
533 3216 740 3264 emaculandum
758 3215 846 3263 videri
865 3216 936 3279 ‹pttod
955 3217 1082 3281 rttlgutur
1099 3221 1171 3266 simul
1189 3225 1224 3266 ct.
1255 3219 1307 3267 Vc·

168 3316 225 3349 rum
245 3302 328 3349 etiarn
348 3301 511 3364 antiquioris
529 3303 625 3349 nituntur·
644 3301 761 3362 formae,
782 3301 808 3348 iu
828 3316 908 3362 (putant
928 3316 1009 3364 supra
1028 3302 1126 3351 incidit
1145 3302 1308 3367 disputatio,

168 3385 274 3434 fallitur·
293 3394 387 3435 nostra
405 3387 545 3434 sententia
564 3387 608 3449 qui
623 3387 768 3449 vestigium
787 3387 944 3449 strspticatus
964 3391 1006 3434 est
1024 3386 1051 3433 in
1070 3385 1162 3435 llostii
1181 3389 1309 3437 versibus

168 3471 294 3520 relictum
319 3471 390 3535 apud
408 3471 578 3519 Macrobitun
598 3469 705 3519 Satura.
726 3471 776 3529 l‘l,
796 3470 825 3531 ἴ),
850 3471 879 3518 d:
904 3473 955 3519 [litt
974 3471 1105 3527 :itinerum
1129 3473 1203 3520 sinaut
1227 3481 1308 3522 uertens

167 3559 273 3605 attactus·
292 3559 384 3620 Apollo
403 3552 414 3623 li
433 3558 603 3621 Arquitenens
622 3556 753 3617 Laceratus.
792 3556 832 3603 lbi
857 3557 928 3604 enirn
953 3557 1005 3604 etsi
1029 3557 1173 3620 prosodiae
1200 3560 1310 3623 qtndem

169 3640 257 3688 videri
275 3647 366 3705 potest
384 3644 425 3691 sic
444 3643 512 3690 sartis
532 3641 590 3689 lieri
609 3643 705 3689 sintitur
724 3647 805 3687 certent
824 3644 840 3688 i.
861 3642 908 3689 Λα
929 3641 1037 3705 quando
1056 3642 1192 3705 producta
1212 3645 1310 3693 ultima

168 3727 373 3788 pronuntiatum
392 3743 452 3775 esse
470 3728 567 3774 ciuntur·
586 3727 640 3773 iaur
659 3725 722 3773 olim
742 3725 799 3773 uixi
817 3725 960 3789 probabile
980 3741 1054 3775 esse:
1074 3731 1168 3775 tarueu
1188 3745 1204 3777 a
1218 3746 1310 3777 titinio-

145 3845 153 3855 ..
168 3824 258 3858 rorum
281 3812 388 3861 rationo
414 3812 459 3860 rix
481 3816 609 3875 poterunt
634 3810 686 3858 diro
704 3825 798 3859 versus
817 3810 939 3874 contigui
959 3810 1070 3874 plaeere
1095 3812 1228 3875 neglecta
1247 3831 1309 3863 eae·

169 3909 233 3942 sitta
256 3896 410 3958 aequaliter
435 3896 603 3944 inconcinni.
639 3897 712 3960 Ergo
736 3897 777 3944 sic
801 3896 892 3959 potitis
915 3895 1089 3943 statuendum
1110 3897 1237 3959 videtur,
1257 3915 1310 3948 tina

170 3980 319 4043 sterilemque
340 3981 440 4028 lacuna
457 3981 598 4044 utriusque
616 3995 711 4030 versus
731 3981 866 4029 communi
886 3980 991 4044 aliquid
1015 3981 1042 4028 iu
1062 3987 1177 4045 utroque
1197 3984 1310 4033 interci·
1336 4013 1340 4022 ·

169 4064 250 4113 disse.
288 4065 382 4126 Velut,
403 4063 494 4128 aliquo
513 4072 543 4113 ut
562 4065 779 4131 exemplemur,
800 4066 827 4113 in
845 4065 916 4114 buno
935 4066 1054 4113 niodum:

372 4150 421 4197 Dia
440 4148 559 4197 illinerun
579 4147 666 4215 [ruit],
685 4153 757 4199 statut
774 4158 855 4198 (risten
874 4154 980 4199 instrictus
1000 4152 1092 4213 Apollo

371 4233 544 4296 Arquitenens
562 4231 672 4298 [instat]
691 4237 824 4285 Latonius.

170 4317 345 4380 inpromptu
364 4321 406 4364 est
428 4317 500 4364 enirn
525 4331 667 4382 epugnae
692 4320 875 4386 descriptione
895 4317 961 4368 belli
984 4320 1102 4367 llistriei
1131 4319 1204 4371 liaeo
1234 4336 1310 4387 repe·

169 4406 243 4463 tero,
263 4401 309 4449 cui
326 4415 435 4466 pugnae
454 4399 602 4451 Homerico
623 4405 746 4469 exentplo
766 4405 819 4470 ipsi
838 4405 881 4453 dei
901 4402 1087 4452 interfuerint.
