2964 5002
495 366 523 405 s.
539 363 719 406 arnscuenu
735 330 977 408 coisnsunamvs
1240 346 1303 409 499
1344 410 1347 419 ,

168 516 351 583 certissime,
373 515 430 575 boc
453 524 563 589 estut,
586 533 653 573 urm
668 516 809 576 Terentii
831 517 951 577 fabulas
974 538 1080 577 ornnes
1101 519 1217 598 populo
1238 519 1303 597 pla-

168 618 266 677 cuisse
292 628 447 677 narratum
473 627 569 687 esset,
596 638 689 677 unam
714 619 810 678 solam
830 620 972 680 Volcatio
994 618 1119 699 quidem
1140 629 1219 679 teste
1240 640 1303 679 non

125 791 132 802 ·
166 719 320 798 placuisse
335 719 508 779 adiceretur
523 720 624 800 planis
640 719 742 780 verbis
764 731 795 780 et
815 720 1018 801 simplicibus,
1042 698 1105 782 nbn
1121 741 1177 801 per
1199 722 1304 798 aenig-

166 821 254 881 matis
281 810 452 881 artificium:
479 821 519 880 ad
545 821 694 899 eipumodi
723 823 804 881 enim
830 824 1059 902 oppositionem
1085 822 1304 882 contrariorum

166 923 234 1002 ipsa
249 929 381 999 quorauis
396 924 545 1003 particula
560 924 724 983 manifesto
739 934 869 1004 spectat.
913 925 1023 1005 Itaque
1040 923 1110 984 talis
1127 925 1210 1005 quali
1226 942 1304 1003 opus

167 1035 213 1085 est
227 1027 314 1086 notio
331 1046 396 1086 cum
413 1045 429 1083 e
445 1035 574 1085 sumetur
590 1027 740 1106 scriptura
755 1028 808 1085 vix
824 1046 915 1105 posse
932 1028 996 1086 crui
1011 1027 1168 1098 videntur,
1190 1047 1249 1085 uec
1265 1026 1304 1085 ab

165 1126 254 1186 initio
271 1147 377 1188 versus
392 1137 520 1186 metrum
535 1128 700 1199 claudicet,
721 1127 777 1188 sed
793 1129 872 1187 circa
887 1129 971 1207 ipsas
986 1146 1025 1186 ce·
1044 1131 1089 1187 lu's
1110 1148 1204 1187 voces
1227 1148 1303 1208 quas

167 1249 222 1309 per
236 1248 271 1289 se
285 1248 379 1308 aegre
395 1229 533 1307 intellegi
548 1239 642 1289 antea
656 1229 909 1307 significavimus,
926 1250 1120 1310 consequens
1137 1239 1232 1290 estut
1246 1231 1305 1289 hoe

166 1332 273 1414 potius
283 1332 316 1390 iu
332 1332 399 1390 loco
419 1331 511 1391 sedes
528 1331 719 1410 corruptelae
736 1340 909 1409 quaeratur.
939 1333 1038 1409 Igitur
1052 1333 1206 1411 quoniam,
1224 1351 1305 1412 quae

167 1452 230 1493 nou
247 1434 444 1513 ‘placuisset'
460 1434 511 1492 vel
528 1433 693 1492 ‘stetisset'
711 1432 830 1506 sabula,
852 1433 904 1491 vol
920 1434 1060 1493 ‘exacta’
1076 1434 1128 1492 vel
1145 1433 1303 1515 ‘explosa'

168 1533 339 1608 dicebatur,
356 1535 447 1593 facile
464 1535 615 1614 quispiam
630 1535 726 1614 ipsius
742 1538 891 1608 esploscst
904 1534 1046 1594 vocabuli
1062 1536 1207 1615 reliquias
1222 1539 1306 1606 erbis

167 1636 283 1695 litteras
298 1637 527 1715 interpretetur.
572 1638 687 1696 Verum
700 1637 783 1696 aliud
799 1638 831 1695 in
848 1646 992 1716 promptu
1012 1647 1074 1711 est,
1097 1638 1189 1697 multo
1212 1639 1304 1697 etiam

167 1739 338 1816 graviorem
357 1739 420 1797 vim
440 1738 650 1817 persuadendi
675 1739 804 1798 habeus.
850 1738 1005 1817 Quotiens
1033 1740 1114 1799 cuim
1137 1743 1216 1798 ‘uon
1238 1740 1305 1818 pla·

168 1841 259 1899 citae’
275 1841 420 1920 Hecyrae
436 1842 623 1900 mentionem
637 1842 778 1901 Donatus
794 1841 895 1913 inicit,
919 1843 1033 1900 totiens
1055 1841 1120 1901 fere
1141 1860 1204 1901 uno
1220 1851 1304 1900 certo

167 1940 315 2001 vocabulo
338 1943 443 2014 utitur,
472 1941 556 2022 quod
578 1932 727 2002 cum'alia
751 1943 894 2022 exempla
917 1964 981 2002 non
1002 1942 1129 2017 habeat,
1157 1943 1210 2002 vix
1233 1942 1305 2001 mibi

167 2051 305 2124 tempero
322 2044 396 2124 quin
412 2065 452 2103 ex
466 2046 534 2124 ipso
547 2045 731 2106 Volcatiano
746 2064 838 2103 versu
853 2045 936 2104 vitae
950 2045 1160 2104 Suetoniauae
1176 2047 1306 2124 petitum

168 2144 276 2205 dicans
327 2145 453 2225 Quippe
480 2155 657 2206 constanter
679 2146 732 2205 ille
753 2149 902 2204 exclusum
924 2146 1057 2205 subulam
1078 2147 1130 2205 vel
1155 2151 1306 2206 exclusum

167 2256 290 2327 poetam
306 2247 399 2307 dixit:
421 2249 504 2308 cuius
520 2250 565 2307 roi
580 2248 756 2307 testimonia
771 2248 854 2306 infra
868 2249 987 2325 scripsi.
1032 2249 1070 2306 In
1092 2249 1227 2308 auctario
1250 2270 1305 2309 suo

167 2349 248 2409 ritae
264 2349 475 2411 Suetonianac
492 2350 574 2430 quod
596 2349 765 2409 subiectum
787 2359 833 2411 est
853 2370 884 2428 p.
900 2360 950 2411 35:
972 2349 1114 2427 ‘Hecyra
1135 2370 1232 2429 saepe
1253 2369 1305 2409 es-

167 2455 259 2524 clusa,
284 2452 337 2510 uix
351 2461 420 2511 acta
435 2453 508 2511 est'.
552 2448 641 2511 Idem
656 2453 754 2532 praef.
770 2452 848 2511 lIec.
865 2471 896 2530 p.
911 2458 960 2513 &ll
984 2448 1173 2508 Lindeubr.:
1199 2453 1305 2530 ‘saepe

167 2558 286 2612 exclusa
307 2554 385 2612 baec
399 2553 584 2612 comoedia'.
630 2554 718 2613 Idem
739 2553 813 2633 ipsis
836 2552 1059 2611 commentariis
1082 2552 1114 2608 in
1130 2551 1207 2610 Hcc.
1224 2554 1304 2631 prol.

168 2666 193 2730 1,
209 2675 239 2713 v.
255 2661 287 2714 4:
305 2657 383 2714 ‘uon
400 2655 473 2734 quia
487 2656 582 2726 mala,
604 2661 724 2713 eccleisa
741 2663 800 2721 est.
828 2652 884 2714 sed
901 2653 973 2735 quia
988 2653 1119 2733 populus
1135 2652 1305 2713 funmnbuli

168 2756 370 2816 admiratione
386 2755 574 2837 obstupuit’;
591 2758 623 2815 in
639 2757 716 2837 prol.
732 2768 772 2830 11,
789 2768 859 2820 v.3:
879 2766 983 2834 ‘turpe
999 2776 1061 2814 non
1076 2774 1143 2813 esse
1156 2755 1304 2814 Terentio

167 2862 314 2917 raetiarum
337 2878 404 2918 esse
428 2880 520 2918 unam
541 2860 622 2919 illius
645 2859 811 2934 fabulum'3
838 2859 870 2917 in
887 2878 916 2916 v.
932 2865 964 2919 7:
993 2860 1076 2917 ‘cum
1096 2876 1158 2915 uus
1179 2856 1305 2935 Hecyra

167 2965 285 3020 esclusa
298 2961 369 3036 sit‘3
384 2961 418 3021 iu
432 2981 465 3019 v.·
481 2971 528 3023 is:
546 2962 634 3040 ‘quia
649 2971 797 3021 remotum
813 2970 843 3019 et
858 2963 1009 3018 reclusum
1025 2955 1176 3038 (poetam)
1194 2957 1304 3034 dixit’3

167 3062 198 3121 in
218 3081 249 3122 r.
265 3071 316 3126 26:
338 3062 469 3142 ‘duplex
491 3081 599 3121 caussa
618 3063 658 3121 ad
681 3083 773 3121 urnam
795 3066 988 3121 exclusionem
1013 3060 1206 3133 adhibetur',
1234 3060 1306 3119 item

168 3165 318 3224 ‘narratio
334 3185 387 3223 cur
401 3168 523 3223 esclusa
539 3165 594 3225 sit:
621 3165 680 3224 boc
697 3174 759 3233 est,
786 3185 851 3223 nou
872 3171 984 3244 poetae
1007 3163 1098 3243 culpa
1122 3162 1243 3221 deiecta
1261 3171 1307 3221 est

168 3285 224 3326 nec
238 3266 352 3327 iudicio
367 3267 474 3347 populi
484 3271 508 3343 ’ς
531 3267 564 3325 in
579 3286 609 3324 v.
625 3274 674 3328 ⁸29:
700 3267 788 3346 ‘quin
803 3286 966 3345 numquam
983 3267 1060 3326 alias
1075 3269 1213 3323 exclusas
1233 3268 1306 3323 est'.

167 3368 270 3449 Aqua
286 3369 339 3427 ille
355 3368 577 3427 consuetudine
593 3368 741 3448 loquendi
758 3368 862 3448 paucis
879 3368 1027 3446 exerrrplis
1043 3367 1185 3439 recessit,
1201 3367 1306 3445 paullo

167 3469 292 3530 fortiore
307 3468 456 3529 vocabulo
480 3471 512 3528 in
535 3471 581 3528 his
598 3490 685 3528 usus:
708 3471 739 3527 in
757 3470 835 3548 prol.
854 3480 893 3541 11,
911 3479 942 3529 1:
966 3469 1095 3529 ‘totiens
1115 3472 1241 3542 experire
1262 3469 1306 3527 fe·

167 3569 268 3647 bula‘3
286 3572 359 3630 item
374 3570 431 3630 ‘do
447 3572 610 3643 detentio,
628 3570 710 3651 quod
726 3575 867 3644 repulsus
879 3571 956 3646 est’3
973 3571 1047 3629 item
1063 3573 1119 3629 ‘ne
1130 3574 1306 3645 expelletur,

167 3692 276 3733 nense
292 3674 467 3753 prologum,
489 3673 544 3732 sed
561 3682 712 3732 oratorem
729 3673 897 3747 nominat'3
920 3672 997 3730 inv.
1015 3684 1045 3732 4:
1064 3669 1231 3751 ‘nxscnns]
1254 3690 1306 3730 euf-

165 3775 290 3849 pulscs'.
334 3776 424 3835 Illam
450 3775 542 3852 igitur
567 3773 716 3854 loquendi
743 3772 999 3833 consuetudinem
1025 3775 1143 3833 Donati
1167 3794 1305 3833 caussam

167 3875 265 3937 babeo
290 3897 342 3936 cur
367 3877 400 3935 iu
420 3876 526 3935 lucebi
540 3877 705 3955 Bernaysii
728 3885 831 3954 partes
855 3896 918 3935 non
939 3874 1061 3948 cedam,
1088 3879 1188 3934 cecidit
1208 3876 1306 3934 latere

168 3978 200 4037 in
213 3982 298 4038 cubis
317 3979 499 4038 conicientis
523 3979 602 4037 conl.
620 3978 695 4036 llor.
712 3978 812 4056 Epist.
832 3989 870 4043 11,
891 3989 919 4045 l,
938 3983 988 4038 176
1011 3978 1142 4035 ‘securus
1158 3981 1245 4034 coclea!
1265 3994 1305 4033 an

168 4090 248 4140 recto
268 4090 330 4141 stet
345 4080 448 4140 fabula
462 4081 547 4140 talo'.
563 4113 603 4121 —
620 4081 764 4159 Sequitur
786 4088 833 4152 ut,
850 4077 925 4158 qnid
938 4079 971 4137 in
994 4087 1122 4136 serenetur
1136 4096 1212 4136 voce
1229 4075 1305 4134 dcli·

169 4188 280 4252 tescat,
297 4191 469 4262 quaeratur.
507 4184 556 4242 Ne
576 4183 685 4255 multa,
702 4183 847 4261 scriptum
864 4190 910 4239 cst
932 4201 950 4238 a
966 4179 1120 4256 Sedigito:
1148 4178 1170 4235 S
1176 4182 1188 4234 i
1193 4177 1306 4234 mitur

171 4283 286 4341 Hecura
306 4285 391 4341 sextu
416 4289 604 4342 exclusust
621 4284 734 4358 subula.
777 4284 819 4340 Et
840 4281 1027 4340 reconditior
1049 4278 1173 4359 quidem
1193 4282 1306 4336 simitar-

170 4380 263 4441 forma
278 4381 385 4463 (etium
399 4386 555 4464 antiquior
570 4376 624 4443 illa'
640 4405 731 4463 quam
746 4383 943 4461 frequentata
958 4380 1069 4438 Plauto
1085 4374 1203 4453 sinnida),
1221 4375 1305 4435 cuius

1037 4477 1103 4539 32*
