2964 5002
575 396 617 439 nn
638 398 777 441 saevius
802 397 909 440 nerrrn
1251 384 1311 447 195

276 566 372 631 qnam
401 547 523 610 circum
544 555 710 609 extremae
734 546 850 610 dextra
874 549 1032 632 laeuaque
1054 545 1227 610 trahuntur

277 646 429 710 caerulea
450 644 555 730 glaeie
577 655 747 744 concretae

176 760 206 811 et
227 748 393 812 Lucanus:

296 851 345 914 sie
366 849 478 914 mundi
498 872 575 937 pars
598 852 663 915 ima
685 851 784 931 iacet,
815 870 910 935 quarn
934 872 1018 913 zona
1039 848 1158 914 niualis

153 970 164 1007 ⁵
296 962 535 1038 perpetuaeque
558 960 710 1038 premunt
731 949 877 1032 hiemes]

253 1154 294 1218 In
322 1155 513 1219 defiuitione
534 1163 643 1219 autem
672 1154 783 1218 mundi
812 1168 981 1217 elocutos
1009 1155 1100 1219 aiunt
1125 1153 1309 1242 philosophi
1325 1144 1423 1219 125*

171 1258 331 1343 quinque,
362 1278 443 1343 quos
466 1256 585 1321 Graeci
608 1258 628 1334 †
650 1250 886 1338 παραλλήλους
914 1256 947 1319 id
977 1265 1027 1319 est
1048 1271 1159 1318 zonas
1182 1265 1311 1338 uocant,

171 1446 264 1495 talium
278 1445 373 1494 orbem
392 1445 589 1511 appellantium
607 1447 655 1496 sed
669 1452 696 1495 et
714 1450 876 1508 argumenta
893 1459 982 1493 rerum
1000 1443 1108 1494 docent'
1123 1460 1147 1494 e.
1161 1461 1185 1509 q.
1200 1460 1221 1493 s.
1249 1444 1310 1494 loth

171 1514 296 1563 ‘blundus
309 1514 337 1562 in
351 1519 474 1563 centrum
487 1515 578 1578 uergit
591 1531 624 1564 uc
635 1521 708 1563 terra
722 1514 778 1563 exit
791 1529 807 1561 a
821 1517 915 1561 centro
928 1513 1078 1562 inmensum
1090 1513 1147 1563 eius
1160 1513 1269 1576 globum
1282 1515 1310 1563 in

170 1584 284 1632 {curram
297 1582 372 1631 orbis
386 1582 500 1631 adsidua
512 1583 589 1632 eirca
602 1599 662 1632 enm
675 1581 767 1631 mundi
779 1580 953 1629 uolubilitute
967 1579 1103 1644 cogente.’
1131 1581 1191 1629 llil:
1212 1582 1308 1647 ‘neque

169 1653 249 1710 enim,
263 1656 295 1698 ut
307 1649 401 1699 dixere
415 1649 508 1714 aliqui,
521 1651 635 1700 mundus
647 1650 699 1700 hoc
713 1649 775 1715 polo
788 1650 1009 1713 (septentrionale)
1024 1648 1172 1698 excelsiore
1185 1664 1214 1698 se
1229 1650 1308 1698 attol-

167 1718 206 1781 lit,
220 1725 270 1767 ant
283 1717 404 1781 undique
415 1723 593 1767 cernerentur
601 1717 671 1768 haec
681 1718 773 1767 sidera
783 1718 1006 1780 (septenartoaer).
1028 1732 1121 1766 uerum
1131 1717 1201 1768 haec
1213 1718 1309 1767 eadem

168 1787 322 1852 quibusque
334 1787 473 1850 proxumis
484 1785 643 1836 sublimiora
656 1785 814 1844 ereduntur,
835 1784 984 1848 eademque
1001 1784 1127 1835 demersa
1144 1784 1309 1850 longinquis,

167 1861 249 1920 utque
264 1869 338 1903 rrune
350 1853 475 1903 sublimis
487 1854 514 1904 iu
527 1854 635 1903 deiectu
649 1854 745 1919 positis
758 1852 865 1900 uidetur
878 1851 921 1901 hic
935 1859 1040 1913 uertex,
1058 1853 1098 1903 sie
1117 1853 1144 1902 in
1162 1853 1237 1903 illam
1256 1860 1308 1903 ter-
1327 1911 1328 1915 Ἰ

167 1939 213 1973 rae
225 1921 418 1971 deuexitatenr
431 1923 610 1987 transgressis
623 1921 673 1971 illa
684 1938 714 1971 se
728 1919 856 1970 attollunt
866 1919 1049 1969 residentibus
1058 1936 1129 1985 quae
1142 1919 1187 1971 hic
1198 1922 1309 1972 excelsa

167 1991 288 2050 inerant,
301 1989 374 2054 quod
386 1989 440 2039 uisi
452 1989 480 2038 in
493 1988 580 2054 ligura
592 1989 666 2054 pilae
680 1988 807 2039 accidere
820 2003 874 2038 non
887 1985 999 2052 posset.'
1024 1988 1188 2038 Plutarchus
1205 1989 1239 2039 de
1250 1991 1309 2055 pla·

167 2059 229 2109 sitis
247 2056 348 2135 philos.
380 2057 407 2107 11
424 2057 454 2106 λε
478 2053 549 2120 Περὶ
567 2049 709 2124 σχήματος
725 2047 842 2130 κόσρου.
869 2048 908 2106 Oi
945 2047 976 2105 ir
994 2051 1116 2107 Σιωιιιολ
1137 2055 1311 2124 σφαιροειδῆ

167 2120 217 2177 τὸν
227 2139 349 2190 sospes,
362 2113 443 2175 ἄλλοι
457 2119 489 2175 δὲ
501 2124 658 2191 κωνοειδῆ,
678 2118 708 2175 οἱ
720 2117 752 2175 dl
765 2121 880 2189 ωοειδὴ.
901 2113 908 2132 ’
932 2121 1069 2188 ιιλιιουρος
1087 2118 1120 2175 δὲ·
1138 2115 1306 2192 ἐνδέχεσθαι

169 2188 221 2259 pie
231 2186 312 2244 elsae
326 2190 523 2256 σφαιροειδεῖς
533 2185 601 2252 τούς
612 2186 744 2258 κόσμους,
757 2176 930 2256 {odilredus
944 2185 976 2242 di
995 2188 1044 2243 sel
1062 2182 1169 2256 ἑτέροις
1186 2186 1307 2260 σχήμασι

170 2259 340 2327 κεχρῆσθαι.
365 2260 524 2311 Marcianus
538 2261 655 2326 Capella
669 2262 732 2310 l'lll
746 2258 809 2311 dli:
830 2260 954 2309 ‘hitrndus
969 2297 990 2309 ..
1005 2278 1038 2309 ex
1056 2268 1172 2324 qumnor
1190 2263 1308 2311 eterneu-

171 2329 369 2392 tisiixdemque
386 2328 452 2379 totis
469 2329 498 2379 in
514 2329 649 2394 sphaerae
668 2329 775 2378 modum
788 2327 915 2390 globatus
933 2335 1034 2377 terram
1049 2329 1077 2377 in
1095 2329 1184 2377 nredio
1201 2329 1308 2394 imoque

171 2396 284 2447 defixam
304 2397 428 2447 aeternis
449 2397 521 2446 cacii
544 2397 667 2462 raptibus
686 2397 901 2446 circumcurrens
921 2395 1049 2445 circulari
1067 2396 1183 2460 quadarn
1202 2398 1308 2446 rationo

168 2461 359 2515 discriminet!
376 2490 411 2500 -
438 2448 569 2514 Boedbius
587 2465 621 2515 de
638 2481 726 2529 geom.
751 2464 777 2514 11
795 2480 820 2528 p.
843 2461 905 2512 1537
928 2464 981 2525 (ed.
999 2464 1084 2512 Basil.
1110 2462 1201 2526 1570):
1226 2465 1307 2514 ‘Num

170 2533 283 2583 nundus
296 2533 357 2597 ipse
369 2532 517 2597 sphaerica
530 2534 616 2582 fertur
628 2533 795 2582 rotunditate
814 2532 960 2594 collectus,
974 2538 1003 2580 ut
1015 2532 1139 2580 diuersus
1152 2548 1239 2580 rernm
1255 2533 1307 2581 sor-

168 2617 225 2652 us
244 2600 366 2651 ambitus
384 2601 424 2650 sui
444 2601 604 2650 circuitione
619 2600 807 2660 concluderet,
832 2600 902 2648 unde
921 2600 1017 2649 librum
1036 2602 1144 2647 Seneca
1162 2607 1307 2650 eorrsenta-

167 2684 219 2719 nea
236 2667 411 2734 pbilosophis
429 2668 614 2734 disputatione
633 2669 775 2729 formauit,
794 2668 837 2716 eni
855 2667 949 2717 titulus
968 2676 1022 2717 est:
1045 2668 1078 2717 de
1098 2668 1185 2716 sonna
1198 2667 1308 2716 mundi’

167 2738 265 2787 eadem
284 2735 476 2785 Cassiodorius
498 2737 531 2786 de
551 2735 655 2787 artibus
679 2753 711 2786 ne
734 2735 887 2800 disciplinis
910 2736 1017 2786 liberal.
1046 2736 1098 2785 vll
1122 2735 1165 2787 ide
1185 2741 1307 2785 astrono-

168 2807 233 2863 mia)
247 2804 275 2853 11
288 2820 316 2868 p.
330 2803 380 2852 559
394 2805 419 2852 h.
434 2805 537 2866 (ieret,
550 2804 603 2853 nisi
617 2806 686 2869 quod
699 2804 769 2853 huee
782 2804 869 2853 addit:
890 2806 977 2868 ‘quern
991 2805 1069 2853 trebia
1082 2802 1257 2868 relinquimus
1268 2820 1306 2852 re-

168 2869 335 2935 legendum)
361 2872 551 2921 t'assiodorius
565 2873 618 2920 tino
632 2873 752 2923 eiusdem
767 2872 878 2936 eapitis:
899 2871 1001 2920 ‘Mundi
1016 2888 1120 2937 quoque
1135 2872 1248 2935 liguram
1263 2888 1305 2921 eir·

168 2940 335 2991 riosissimus
348 2940 434 2988 Varro
451 2939 549 3003 longae
568 2941 728 2990 rotunditati
745 2941 773 2991 in
790 2940 956 3002 geometriae
975 2939 1111 2990 uolumine
1130 2941 1300 3005 comparauit

169 3009 285 3058 termam
304 3006 390 3071 ipsius
408 3007 442 3057 ad
456 3008 501 3057 oui
512 3008 716 3058 similitudinem
729 3007 851 3065 trahens,
865 3006 974 3072 quadiu
988 3007 1131 3057 latitudine
1144 3008 1250 3073 quidem
1264 3025 1307 3058 ro·

170 3077 292 3131 turudum.
306 3076 355 3124 sed
372 3075 399 3124 in
413 3075 582 3140 longitudine
596 3075 727 3141 probatur
738 3074 904 3139 oblongum!

256 3140 512 3197 125*1sirlornsdc
530 3151 629 3193 natura
648 3159 734 3193 rerum
754 3145 790 3193 X:
811 3145 861 3192 ‘llo
881 3144 999 3208 quinquo
1019 3144 1129 3193 circulis
1146 3145 1246 3194 mundi.
1271 3146 1307 3194 In

172 3211 383 3263 delinitione
453 3211 605 3275 perusti.'
630 3212 749 3261 isidorus
766 3211 916 3276 parallelos
934 3227 994 3259 cum
1016 3213 1093 3261 zonis
1111 3212 1189 3261 initio
1207 3213 1308 3278 capitis

173 3281 303 3330 confudit.
319 3306 349 3313 —
366 3279 477 3328 Servius
494 3296 588 3343 georg.
602 3281 613 3329 1
626 3279 688 3330 233:
707 3277 812 3343 hernae]
825 3280 852 3328 ‘i.
867 3296 890 3327 e.
904 3279 1004 3343 plagae
1017 3280 1061 3328 uel
1075 3279 1179 3339 circuli,
1197 3297 1307 3345 quomm

174 3349 271 3412 primus
288 3346 535 3412 septemtrionalis,
554 3348 598 3397 uel
616 3355 645 3397 ut
663 3348 772 3411 quidam
789 3347 897 3406 uolunt,
917 3347 1079 3411 aquilonius.
1103 3363 1189 3397 zonae
1203 3348 1307 3407 circuli,

174 3416 332 3479 quiscerem
346 3431 379 3465 ac
392 3419 492 3465 terram
505 3416 590 3465 ueluti
602 3432 688 3465 sonae
702 3417 824 3479 cingunt.
843 3415 1017 3475 translatiue3
1031 3431 1093 3464 narn
1104 3417 1210 3480 proprie
1222 3433 1307 3466 nonae

174 3483 301 3545 interris,
314 3483 363 3533 sed
374 3499 423 3548 pro
435 3483 577 3548 parallelis
591 3484 608 3533 i.
624 3501 647 3532 e.
666 3484 777 3533 circulis
794 3484 891 3548 posint.
916 3482 1148 3547 septemtrionalis
1166 3485 1308 3535 uestiuelis

175 3551 383 3616 aequinoctialis
397 3551 528 3601 brumalis
544 3550 691 3601 australis.'
716 3553 910 3615 Fragmentum
924 3552 1074 3599 Censrrrino
1097 3551 1262 3617 adscriptum
1280 3553 1306 3601 ΙΙ

177 3618 249 3669 Ι-4ι
269 3620 320 3668 ‘De
334 3618 405 3668 caeli
419 3620 562 3684 positione.
588 3620 700 3669 Caelum
718 3619 828 3668 circulis
847 3619 964 3683 ‹prinque
982 3619 1166 3682 distinguitur,
1196 3636 1307 3684 (pirorum

174 3688 283 3738 extremi
297 3687 413 3737 maxime
428 3687 533 3751 frigidi,
552 3687 682 3737 australis
694 3687 859 3736 lurnrillimus
877 3694 905 3735 et
923 3686 1076 3750 aquilonius
1095 3687 1306 3737 excelsissimus.

175 3755 214 3805 his
225 3757 360 3821 utrimque
373 3756 487 3820 proximi
501 3755 553 3804 duo
566 3755 716 3821 paralleloe
728 3764 871 3818 uocantur,
886 3770 973 3819 aeque
986 3760 1015 3804 ut
1027 3753 1067 3804 ita
1080 3754 1192 3804 dixerim
1205 3756 1307 3806 ‹listun-

258 3923 268 3972 l
289 3920 425 3969 extrema
444 3915 467 3966 A
482 3905 495 3990 ll
511 3919 646 3968 trauntur
665 3906 740 3967 A¹B¹
759 3904 772 3990 ll
788 3919 803 3969 ⁶2
822 3909 924 3968 eernlo
939 3914 963 3967 A
976 3910 1092 3998 cerulep
1106 3913 1132 3967 B
1145 3911 1306 3968 caeruleae

175 3996 271 4055 Πτολε.
289 4006 317 4054 el
327 3999 395 4054 lihrr‘
410 4016 458 4068 ep.
476 3999 601 4053 I’ierr'um
616 4005 643 4053 et
663 3998 750 4054 illari.
778 3998 883 4069 l'erpr'h'
900 3991 914 4075 ll
934 3994 1032 4084 glacie
1048 3976 1180 4084 e‘oncritp
1197 3991 1233 4053 13¹
1254 4016 1305 4070 ga·

174 4080 228 4140 lice
244 4091 387 4141 concrete
404 4078 439 4137 A¹
460 4081 559 4157 glacie
576 4101 646 4139 aere
661 4077 698 4137 A
720 4079 734 4156 i=¹
753 4091 770 4140 :s
792 4090 822 4137 et
836 4101 889 4137 om.
902 4083 930 4137 B
951 4076 964 4160 ll
988 4083 1094 4138 ercua.
1116 4082 1220 4137 Pharo.
1240 4081 1311 4137 1111

178 4163 255 4248 10611
271 4176 288 4228 4
304 4167 388 4226 bima
403 4169 428 4224 A
442 4167 532 4224 imma
550 4167 573 4223 B
589 4160 602 4246 ΙΙ
618 4166 679 4223 icet
697 4161 731 4222 Β1
750 4160 762 4244 ll
779 4185 853 4223 sona
872 4185 946 4224 zone
965 4168 988 4222 B
1002 4170 1092 4223 deleto
1107 4161 1184 4224 sona'
1201 4183 1236 4220 m.
1261 4172 1277 4221 2
1293 4163 1305 4244 ll

174 4253 286 4312 niuales
301 4247 385 4311 ΑἸλ2
404 4252 571 4310 naanuales
589 4247 624 4307 B¹
648 4247 661 4330 Η
683 4264 698 4313 5
719 4260 884 4327 perpetuae
907 4231 995 4330 qiam
1017 4254 1041 4307 A
1059 4259 1226 4327 perpetuae
1252 4251 1296 4329 Bg

174 4339 298 4416 primunt
314 4334 351 4395 13¹
370 4331 383 4417 ΙΙ
399 4335 506 4395 hiemis
525 4339 578 4392 AB
591 4333 604 4415 Η
620 4345 637 4398 6
657 4332 755 4412 aiunt]
773 4338 808 4391 οὐ
823 4339 845 4391 A
860 4330 873 4414 ll
888 4343 902 4397 7
919 4334 972 4414 qiu
993 4338 1019 4391 B
1034 4330 1047 4415 ll
1061 4353 1152 4410 grece
1172 4331 1205 4390 ΑΙ
1225 4332 1239 4416 Η
1254 4355 1305 4412 pa-

173 4423 301 4483 rallelois
318 4425 372 4481 AB
387 4417 400 4503 ΙΙ
415 4412 619 4497 παραλλήλους
631 4421 662 4479 ἱι]
675 4430 722 4478 est.
733 4424 805 4477 delet
821 4423 946 4476 Grr'ulr'us
961 4415 974 4500 ll
989 4439 1082 4478 sarrae
1099 4415 1135 4476 Β1

1040 4516 1103 4584 13*
