2964 5002
551 400 593 445 nn
615 399 702 445 Anno
724 399 928 445 nounnonvu
1251 378 1312 444 157
1351 440 1355 447 .

166 551 349 639 Aegyptios
369 559 551 637 supersunt
572 549 744 614 duodecim
763 549 932 613 mensibus
954 558 988 613 et
1005 549 1164 634 incipiunt
1185 571 1206 612 a
1226 570 1312 614 nono

166 651 335 717 Kalendas
362 651 568 739 Septembris
599 659 634 714 et
665 651 779 736 quinto
806 649 1030 714 Kalendarum
1061 658 1312 713 memoratarum

165 753 334 818 liniuntur.
358 767 609 818 sonsrlrlsnns
623 766 704 814 Dius
720 760 797 814 sunt
813 753 846 813 in
861 749 980 832 quibus
995 749 1044 814 sol
1066 761 1131 814 stat
1146 760 1312 815 crescente

162 993 229 1058 sm).
268 992 306 1042 ad
324 1008 469 1042 remeans
487 991 634 1042 militarem
656 990 725 1040 nihil
744 991 863 1053 attinere
887 994 968 1039 notat
985 989 1085 1050 Varro,
1109 994 1199 1038 utrum
1223 989 1312 1039 fastus

165 1060 209 1110 uei
235 1061 368 1111 nefastus
391 1060 451 1109 dies
473 1061 524 1119 sit,
548 1060 597 1110 sed
620 1059 654 1108 ad
678 1059 752 1108 solas
776 1057 828 1107 hoe
852 1059 978 1107 actiones
1008 1059 1145 1121 respicere
1167 1055 1312 1121 priuatas.'

166 1127 274 1177 Gellius
291 1128 316 1175 V
337 1127 382 1176 17:
405 1127 529 1177 ‘Verrius
547 1126 665 1177 Flaccus
687 1128 716 1175 in
739 1131 836 1191 quarto
859 1125 892 1174 de
915 1125 1059 1174 uerborum
1078 1124 1236 1188 significatu
1254 1125 1313 1174 dics

166 1195 211 1259 qni
229 1200 297 1245 sunt
314 1195 447 1260 postridie
467 1192 607 1244 Kalendas
624 1195 719 1244 Nonas
736 1194 814 1253 Idus,
840 1208 907 1257 quos
925 1191 1024 1256 uulgus
1042 1193 1169 1257 imperite
1188 1192 1313 1242 nefastos

166 1264 247 1318 dicit,
268 1268 382 1327 propter
398 1261 472 1311 hanc
491 1277 603 1311 causam
622 1261 710 1311 dictos
728 1260 893 1324 habitosque
913 1265 988 1308 atros
1007 1275 1067 1309 esse
1086 1259 1193 1308 scribit.
1230 1260 1311 1321 Vrbe,

168 1331 273 1394 inquit,
296 1344 315 1378 a
333 1329 422 1378 Gallie
440 1328 594 1378 Senonibus
612 1335 777 1393 recuperata
796 1329 827 1376 1..
846 1327 947 1392 Atilius
964 1327 993 1375 in
1012 1333 1111 1376 senatu
1129 1326 1216 1376 uerba
1234 1327 1312 1388 iecit,

167 1400 199 1459 Q.
217 1396 375 1462 Sulpicium
391 1396 530 1445 tribunum
548 1395 664 1445 militum
684 1395 718 1444 ad
736 1395 836 1445 Alliam
860 1395 995 1444 aduersus
1010 1393 1105 1443 Gallos
1129 1400 1312 1458 pugnaturum

167 1480 222 1514 rem
240 1465 368 1514 diuinam
385 1463 537 1513 dimicandi
555 1465 646 1530 gratia
664 1463 798 1527 postridie
811 1462 875 1511 Idus
894 1462 1009 1522 secisse3
1028 1467 1085 1510 tum
1102 1462 1253 1510 exercitum
1265 1479 1312 1527 po·

167 1532 223 1598 puli
247 1531 368 1581 Romani
391 1529 538 1580 occidione
562 1532 681 1581 occisum
706 1536 734 1580 et
760 1535 823 1596 post
841 1529 912 1580 diem
931 1529 1041 1578 tertium
1069 1529 1127 1578 eius
1146 1529 1202 1579 diei
1219 1530 1314 1578 urbem

167 1606 280 1666 praeter
299 1599 462 1664 capitolium
481 1602 590 1663 captam
609 1614 684 1658 esse;
709 1595 916 1662 compluresque
939 1595 988 1645 alii
1011 1601 1155 1646 senatores
1174 1597 1314 1646 recordari

168 1683 228 1718 sese
248 1667 387 1728 dixerunt,
407 1665 536 1729 quotiens
552 1666 619 1715 belli
638 1665 752 1730 gerendi
770 1665 862 1730 gratia
884 1681 928 1714 res
946 1662 1041 1713 diuina
1058 1664 1192 1728 postridie
1211 1664 1313 1714 Kalen·

168 1735 217 1785 das
240 1735 339 1784 Nonas
365 1733 432 1783 Idus
461 1749 478 1782 a
501 1735 664 1797 magistratu
694 1733 789 1797 populi
811 1733 928 1793 Romani
951 1732 1029 1780 lecta
1052 1736 1140 1794 esset,
1164 1732 1223 1781 eius
1247 1732 1314 1781 beili

169 1802 294 1868 proximo
312 1801 446 1866 deinceps
463 1800 569 1865 proelio
587 1817 644 1851 rem
662 1800 802 1865 publicam
819 1800 890 1848 male
910 1804 1026 1864 gestam.
1055 1805 1113 1849 tum
1125 1805 1239 1849 senatus
1252 1816 1314 1849 earn

168 1886 222 1920 rem
243 1869 281 1918 ad
299 1867 446 1935 pontifices
466 1869 576 1931 reiecit,
600 1873 632 1917 ut
653 1868 707 1933 ipsi
726 1867 796 1931 quod
814 1867 954 1917 uideretur
971 1872 1134 1917 statuerent.
1169 1866 1315 1934 pontifices

170 1937 357 1987 decreuerunt
380 1934 484 1985 nullum
507 1935 550 1984 his
573 1935 671 2002 dicbus
693 1934 860 1984 sacrificium
883 1939 959 1984 recte
982 1935 1111 1983 futurum.
1154 1941 1219 1985 ante
1242 1935 1314 1985 diem

170 2020 278 2069 quoqne
298 2008 426 2070 quartum
444 2002 490 2051 uel
507 2003 600 2052 Nonas
617 2003 663 2053 uel
681 2002 746 2051 Idus
764 2007 904 2066 tamquam
916 2002 1091 2051 inominalem
1104 2003 1177 2052 diem
1189 2004 1313 2068 plerique

170 2073 270 2121 nitant.
309 2072 370 2121 eius
387 2071 592 2120 obseruationis
610 2085 645 2134 an
664 2069 762 2133 religio
782 2067 838 2119 nlla
856 2070 893 2119 sit
903 2069 1007 2118 tradita
1020 2070 1116 2134 quaeri
1129 2071 1209 2120 solet.
1244 2071 1315 2120 nihil

171 2156 218 2190 nos
234 2155 323 2204 super
341 2154 375 2188 ea
393 2155 422 2188 re
441 2138 572 2202 scriptum
591 2138 761 2197 inuenimus,
785 2136 839 2185 nisi
863 2136 934 2201 quod
957 2138 989 2198 Q.
1016 2137 1149 2187 Claudius
1173 2139 1314 2188 annalium

170 2209 265 2273 quinto
283 2206 393 2256 cladem
416 2205 494 2255 illam
512 2221 620 2271 pugnae
645 2205 801 2259 Cannensis
823 2204 1006 2254 uastissimam
1030 2205 1134 2254 factam
1157 2205 1226 2255 dicit
1249 2212 1313 2255 ante

171 2273 240 2324 diem
258 2280 388 2339 essartum
405 2274 500 2322 Nonas
516 2271 659 2322 Sextiles)
683 2272 786 2322 Paulus
803 2272 882 2321 Festi
897 2288 923 2336 p.
939 2269 986 2320 93:
1007 2271 1109 2320 ‘Fastis
1127 2272 1225 2322 diebus
1242 2272 1313 2336 †iu-

172 2343 261 2392 cunda
273 2342 355 2404 (Scal.
368 2343 400 2391 ci.
414 2340 471 2402 ius)
485 2339 539 2388 fari
551 2341 668 2402 licebat,
688 2340 806 2390 nefastis
819 2339 954 2403 quaedam
967 2354 1021 2388 non
1033 2338 1136 2388 licebat
1150 2339 1224 2389 sari)
1242 2341 1313 2389 Pau·

171 2409 210 2459 ins
221 2410 303 2460 Festi
316 2425 342 2474 p.
359 2407 418 2457 los:
434 2408 552 2457 ‘Nefasti
565 2407 623 2458 dies
636 2407 660 2456 N
673 2409 767 2458 littera
779 2404 928 2456 notantur.’
959 2407 1058 2456 Festus
1069 2422 1096 2470 p.
1112 2404 1172 2454 165:
1194 2408 1313 2470 ι11313311

172 2477 228 2527 dies
240 2483 365 2527 notantur
376 2476 402 2525 Ν
412 2480 501 2525 [mera
513 2478 580 2540 quod
590 2478 627 2524 313
640 2477 714 2539 nefas
732 2481 770 2525 est
780 2475 900 2538 praetori
911 2480 978 2537 aput
990 2489 1070 2537 quern
1082 2477 1136 2536 1393
1149 2479 1246 2537 opiter,
1258 2477 1316 2538 1331

171 2549 220 2594 tria
231 2544 328 2594 uerba:
341 2545 375 2593 do
387 2545 445 2592 dico
458 2541 576 2591 addico.'
590 2543 692 2593 Paulus
705 2542 783 2593 Festi
796 2558 821 2606 p.
835 2540 898 2590 ⁶228:
915 2539 1049 2590 ‘Proiesti
1062 2541 1121 2590 dies
1134 2544 1228 2605 procul
1242 2559 1257 2590 n
1271 2559 1311 2591 13-

173 2613 272 2677 ligione
292 2611 411 2660 numinis
430 2610 537 2658 diuini)
563 2611 662 2660 Festus
675 2627 700 2675 p.
714 2609 776 2658 229:
795 2610 915 2659 Profesti
929 2609 988 2657 dies
1001 2609 1066 2656 dieti
1077 2611 1145 2672 qnod
1155 2615 1205 2657 sint
1223 2614 1315 2673 promsi

172 2683 318 2744 arettyinne
328 2681 433 2728 33131313
443 2678 538 2726 diuini.
549 2677 688 2727 Caecilius
698 2679 726 2727 in
735 2712 872 2726 ..........
881 2677 917 2725 311
927 2676 1088 2725 tantundem
1096 2711 1239 2727 ..........
1239 2680 1254 2726 4
1255 2678 1313 2740 fra·

173 2753 223 2797 3131
235 2750 264 2797 111
277 2747 420 2812 priuigno:
440 2761 523 2810 acque
538 2747 656 2809 profesio
674 2745 837 2795 concelebras
846 2746 930 2806 sacrun
943 2742 1003 2792 die)
1031 2744 1135 2792 Nonius
1147 2760 1174 2808 p.
1187 2744 1251 2807 434,
1269 2744 1312 2793 10:

174 2817 300 2865 ‘l‘roiesti
314 2819 343 2863 et
361 2815 426 2863 festi
438 2813 498 2861 dies
511 2812 703 2863 discernuntur
720 2813 773 2861 sic:
796 2812 911 2877 profesti
928 2817 993 2859 sunt
1011 2826 1027 2859 a
1047 2812 1202 2861 fcstiuitate
1221 2813 1312 2861 uacui.

172 2884 303 2932 ¹iirauins
322 2881 462 2946 priuigno:
492 2880 568 2941 Quae
588 2881 653 2930 festi
673 2882 765 2930 faeere
785 2896 834 2929 nos
852 2878 971 2928 solemus
989 2878 1043 2936 die,
1064 2878 1212 2929 Cotidiano
1230 2896 1313 2944 opere

173 2951 314 3015 promiscit
332 2949 438 3008 omnia,
463 2948 557 3011 Aeque
582 2949 703 3012 profesto
727 2948 906 2996 concelebras
932 2945 1042 2994 focum)
1078 2946 1178 2997 Festus
1200 2964 1226 3012 p.
1250 2947 1313 2997 253:

175 3019 339 3068 ‘Profestnm
358 3023 401 3066 est
419 3013 437 3078 1·
451 3015 543 3064 133313
557 3021 696 3080 tamquam
714 3016 858 3080 profanum
878 3015 986 3074 iacere,
1012 3013 1039 3062 id
1059 3016 1189 3077 estquod
1209 3033 1240 3063 eo
1260 3015 1312 3075 (113,

174 3088 216 3150 qai
234 3087 297 3136 dies
316 3085 447 3134 feriarum
466 3098 519 3131 non
538 3088 593 3144 cst,
619 3085 638 3145 †
663 3085 765 3132 iacere.
801 3083 845 3131 uel
869 3088 899 3130 ut
918 3082 1028 3144 quidam
1046 3081 1185 3143 dixerunt,
1210 3100 1258 3148 pro
1282 3100 1315 3132 eo

175 3154 266 3203 iacere
286 3152 364 3201 (13131
384 3151 470 3200 131133
489 3166 542 3200 non
561 3152 629 3212 sint;
653 3156 701 3200 aut
719 3151 746 3199 id
766 3152 873 3210 iacere,
893 3149 963 3212 quod
983 3149 1050 3197 13113
1069 3149 1128 3197 tieri
1148 3165 1201 3199 non
1220 3151 1313 3200 liceat.

174 3222 265 3286 itaque
286 3221 359 3270 diem
377 3220 527 3284 profestum
547 3219 620 3268 diem
637 3220 697 3268 sinc
717 3219 784 3267 feris
803 3214 884 3267 esse’
903 3216 1005 3265 Paulus
1018 3217 1094 3265 Festi
1113 3232 1139 3281 p.
1158 3218 1314 3267 atestino-

175 3290 273 3338 iestnm
292 3287 366 3337 diem
384 3286 517 3336 dicebant
535 3287 581 3350 qui
596 3287 682 3337 festus
696 3303 749 3334 uon
762 3284 843 3334 erat!
869 3302 895 3349 p.
905 3282 965 3333 103:
987 3284 1065 3332 ‘lusti
1078 3283 1138 3333 dies
1150 3285 1317 3335 dicebantur

175 3359 303 3419 triginta,
329 3371 390 3403 cum
415 3355 552 3403 exercitus
577 3361 650 3404 33331
672 3356 823 3418 imperatus
848 3359 876 3402 et
898 3350 1315 3418 333111311113313333311313.’

174 3440 198 3488 p.
216 3423 280 3472 2¹26:
302 3422 469 3472 ‘Praeliares
488 3422 546 3470 (1133
565 3422 741 3486 appellantur
759 3422 858 3485 qriibns
882 3421 926 3469 133
950 3423 993 3468 est
1011 3418 1116 3468 hostem
1134 3421 1208 3470 bello
1227 3420 1315 3470 laces·

175 3508 241 3541 sere.
279 3495 361 3540 erant
378 3490 450 3537 enim
469 3488 604 3553 quaedam
622 3490 709 3538 seriae
728 3488 866 3553 publicae,
887 3488 984 3552 quilms
998 3487 1077 3536 nefas
1090 3486 1143 3535 fuit
1156 3487 1182 3536 id
1201 3487 1315 3538 iacere)

175 3558 273 3608 Festus
290 3575 315 3622 p.
338 3557 398 3605 178:
418 3556 556 3604 ‘Nonarum
574 3558 708 3615 (11331133
728 3556 1315 3618 1113331.113133133313333113311331131133·

175 3634 222 3679 tcr.
236 3628 296 3692 qnid
309 3640 394 3675 noune
407 3629 510 3687 nuptae
522 3626 560 3673 sic
572 3625 635 3672 diem
652 3627 777 3687 postridie
796 3628 896 3688 3331133
913 3625 1027 3673 ereditur
1040 3629 1127 3672 atrurn
1141 3623 1314 3686 inluciscere‚

176 3698 288 3759 quinium
300 3696 404 3742 decreto
414 3695 557 3755 pontificum
570 3694 623 3740 3111
633 3693 660 3741 ln'
671 3694 728 3741 dies
742 3709 803 3741 csse
816 3692 932 3740 iudicati
941 3697 1006 3748 sunt,
1020 3693 1088 3756 qnod
1099 3694 1317 3757 quotienscumque

176 3763 278 3811 11313331
290 3764 371 3809 (13333
381 3758 449 3808 belli
462 3761 572 3824 gerendi
580 3776 657 3808 (3333
667 3761 705 3808 liis
717 3760 804 3808 dicbus
816 3763 1001 3823 supplicatione,
1013 3763 1076 3807 13313
1090 3775 1174 3823 remp.
1188 3757 1315 3824 gessere)

177 3829 275 3879 Paulus
282 3829 360 3878 Festi
372 3845 396 3892 p.
411 3825 469 3874 179:
484 3827 632 3875 ‘Nonarum
646 3827 737 3875 iduum
748 3827 924 3876 calendarum
938 3826 997 3874 dies
1009 3829 1102 3890 nuptis
1116 3826 1200 3876 alieni
1213 3827 1318 3876 haben·
1332 3827 1335 3835 '

176 3903 229 3959 tur,
247 3897 378 3962 quoniam
395 3895 424 3943 hi
442 3894 501 3943 dies
514 3895 625 3944 decreto
643 3896 802 3958 pontificum
815 3894 868 3943 atri
882 3893 998 3941 iudicati
1010 3899 1083 3954 sunt,
1097 3895 1183 3958 quod,
1197 3896 1316 3958 quoties·

177 3964 404 4030 ennqneRomani
417 3962 501 4011 duces
513 3962 580 4012 belli
590 3963 705 4027 gerendi
718 3964 810 4027 gratia
824 3961 867 4011 nis
880 3961 976 4010 diebus
992 3962 1231 4026 supplicauerunt,
1244 3960 1316 4009 male

182 4083 369 4094 ...η-..αα-

259 4167 267 4215 Ι
290 4153 357 4212 XII
372 4147 411 4209 A¹
431 4149 511 4208 XIll
531 4146 568 4206 Α2
590 4144 603 4231 11
625 4150 744 4210 aVIlIl
761 4140 796 4207 ,4¹
819 4170 897 4206 armo
917 4144 955 4205 Α2
977 4142 1316 4227 1111116111Κ3133113

179 4235 214 4295 B²
233 4235 238 4321 Ι
268 4242 297 4297 13
316 4240 424 4317 quinto
441 4229 540 4313 ,121111
563 4232 809 4331 riicnioratarum]
829 4233 993 4291 eanmdem
1013 4229 1103 4310 111113
1121 4229 1316 4288 summitates

180 4327 228 4383 Gal!
250 4323 255 4407 Ι
272 4321 425 4383 crescenti
447 4322 526 4392 33133
541 4314 554 4398 11
572 4329 743 4396 crescente]
758 4340 786 4377 m
800 4319 912 4376 iuniore
925 4317 1085 4374 latitudine
1099 4335 1187 4395 quam
1204 4313 1317 4373 habere

179 4413 266 4488 possit
282 4413 445 4469 crescente
462 4407 498 4460 31.
