2964 5002
361 350 602 397 aversensem
624 353 715 395 esaar
738 355 781 395 oe
805 354 892 396 anno
911 355 1116 411 aonanonvrr
1253 338 1311 402 183

170 502 319 568 adpellatus
338 509 384 553 est
401 519 432 552 sc
446 503 501 553 vn
517 509 546 564 et
562 504 600 553 Μ.
618 503 754 568 Vipsanio
767 504 891 570 Agrippa
908 506 950 555 Ill
964 506 1040 558 Coss.
1059 508 1084 556 tl.
1103 509 1152 559 sed
1170 510 1311 574 Aegyptii,

169 571 233 636 qood
251 572 368 621 triennio
387 575 456 621 ante
474 572 503 620 in
521 575 689 636 potestatem
702 571 894 636 dicionemque
912 573 1007 638 populi
1027 573 1143 624 Romani
1166 583 1310 640 uenerunt,

168 640 234 689 hunc
251 640 441 703 Augustorum
464 654 565 688 annum
588 639 826 689 ducentensimum
849 642 1070 704 sexagensimum
1093 645 1239 708 septimum
1263 661 1310 695 nu-

168 714 278 757 merant.
316 722 384 757 nam
403 712 435 756 nt
454 722 471 756 a
488 707 590 756 nostris
608 708 650 756 ita
668 706 704 756 ab
721 706 868 772 Aegyptiis
881 708 990 772 quidam
1009 711 1076 759 anni
1094 712 1123 759 in
1141 711 1251 761 litteras
1269 729 1311 763 re-

168 775 214 824 lati
231 780 311 835 sunt,
336 780 369 823 ut
392 790 461 839 quos
479 774 687 824 Nabonnsaarii
705 775 861 836 nominant,
887 776 956 840 quod
984 792 1001 826 a
1020 779 1107 841 primo
1126 780 1235 844 imperii
1253 780 1312 830 eins

168 858 236 893 anuo
253 848 437 906 consurgunt,
457 858 570 906 quonrm
588 842 633 891 lrie
651 844 896 907 nongentensimus
914 846 1119 908 octogensimus
1142 852 1236 896 sextus
1256 853 1311 908 est;

167 912 228 961 item
245 909 382 975 Philippi,
402 910 451 974 qni
469 909 505 959 ab
524 925 639 959 excessu
657 909 806 960 Alexandri
825 910 920 974 Magni
944 918 1122 961 innuerautur
1140 919 1167 964 et
1186 913 1311 964 adhunc

167 994 247 1043 esque
260 978 393 1044 perducti
405 992 494 1027 annos
505 976 612 1027 Derll
625 985 822 1028 cousrrmmant.
855 977 895 1027 10.
908 980 957 1028 sed
970 979 1064 1029 horum
1077 981 1160 1030 initia
1172 996 1282 1044 semper
1294 998 1311 1031 a

168 1046 315 1112 primodie
335 1045 439 1095 mensis
459 1046 519 1095 eius
536 1050 679 1095 sumuntur
698 1047 743 1094 cni
762 1046 834 1110 apud
848 1047 999 1112 Aegyptios
1019 1064 1117 1097 nornen
1137 1056 1180 1098 est
1191 1049 1309 1112 Theyth,

167 1116 263 1179 quique
280 1113 335 1163 hec
355 1128 428 1162 anno
448 1113 502 1162 tuit
520 1118 586 1161 ante
610 1112 682 1162 diern
701 1113 753 1162 Vll
772 1114 834 1162 Kal.
855 1114 917 1163 Iul..
938 1130 999 1164 cum
1014 1113 1117 1166 abhinc
1138 1131 1225 1166 asinos
1246 1132 1308 1166 cen·

167 1190 219 1231 tam
235 1183 408 1246 imperatore
424 1181 563 1230 Antonino
576 1181 627 1230 I‘io
640 1181 668 1229 11
686 1186 715 1229 et
726 1181 835 1231 Bruttio
854 1182 1006 1232 Praesente
1019 1182 1123 1234 Romae
1142 1184 1218 1233 Coss.
1237 1184 1311 1233 idem

167 1250 222 1299 dics
239 1249 329 1299 luerit
348 1253 414 1297 ante
433 1248 508 1297 diem
525 1248 591 1297 xm
615 1246 679 1297 Kal.
698 1248 783 1312 Aug..
808 1263 861 1312 quo
885 1255 1008 1316 tempere
1032 1249 1105 1300 solet
1127 1251 1258 1301 canicule
1281 1253 1311 1300 in

167 1319 291 1382 Aegypto
308 1317 406 1366 lacere
425 1319 556 1364 exortum.
582 1314 622 1364 ll.
642 1330 727 1379 quare
746 1317 819 1365 scire
838 1316 923 1366 ctiam
940 1317 1010 1367 licet
1028 1319 1095 1368 anni
1111 1314 1187 1370 illius
1206 1320 1310 1381 niagni,

166 1387 208 1449 qni
231 1389 263 1433 ut
287 1398 373 1449 supra
396 1383 501 1432 dictum
523 1389 568 1433 est
590 1382 692 1432 solaris
715 1388 743 1433 et
766 1383 937 1433 canicularis
961 1390 988 1434 ct
1012 1385 1057 1434 dei
1080 1400 1167 1437 anans
1185 1379 1310 1447 uocatur,

166 1468 233 1501 nane
251 1451 302 1517 agi
319 1456 477 1500 uertentem
491 1465 590 1499 annum
604 1450 813 1500 centensimum.
834 1451 874 1500 12.
890 1453 971 1501 initia
990 1458 1081 1502 autem
1100 1454 1213 1503 istorum
1226 1468 1309 1504 auno-

166 1535 219 1569 mm
237 1524 391 1584 prepterea
407 1518 514 1575 notaui,
534 1533 568 1567 ne
588 1519 648 1582 quis
667 1534 714 1567 eos
733 1525 782 1567 ant
801 1535 835 1568 ex
852 1519 915 1568 Kal.
930 1520 990 1568 lan.
1011 1525 1060 1568 aut
1079 1537 1112 1570 es
1130 1520 1224 1585 aliquo
1241 1525 1309 1571 tem-

167 1604 227 1652 pore
245 1585 329 1635 simul
348 1591 463 1650 prataret
480 1585 617 1650 incipere,
638 1600 699 1635 cum
718 1585 762 1634 hic
782 1586 954 1636 conditorum
972 1587 1130 1638 uolturtates
1148 1603 1203 1638 nen
1221 1589 1310 1638 minus

165 1656 291 1705 diuersae
301 1654 361 1703 sint
374 1668 455 1717 quam
469 1654 612 1717 opiniones
625 1652 856 1718 philosophorum.
889 1652 928 1702 ta.
943 1654 1046 1705 ideirco
1060 1654 1124 1704 aliis
1138 1672 1154 1704 a
1167 1671 1238 1705 nouo
1251 1656 1309 1705 sole

166 1723 190 1773 id
207 1728 251 1772 est
268 1738 288 1771 a
305 1722 413 1779 liruma,
433 1720 497 1770 aliis
510 1722 545 1770 ab
559 1721 667 1770 aestiuo
678 1721 807 1781 selstitio,
821 1721 960 1785 plerisque
971 1722 1007 1771 ab
1026 1724 1202 1787 acquinoctio
1215 1739 1308 1785 aterno,

164 1791 261 1855 partim
280 1790 319 1839 ab
339 1788 492 1838 antumnali
505 1789 696 1853 aequinoctio,
716 1789 878 1852 quibusdam
898 1790 933 1838 ab
951 1795 1012 1838 ortu
1030 1791 1223 1856 uergilia'rum,
1242 1807 1308 1840 non-

165 1857 244 1907 nullis
263 1857 301 1907 alr
320 1872 415 1906 eanum
434 1872 543 1913 occasu,
562 1856 655 1905 nndtis
675 1872 692 1904 a
711 1857 789 1905 canis
808 1862 905 1906 exortu
923 1858 1047 1921 incipere
1066 1874 1154 1908 arruns
1172 1858 1309 1908 naturalis

165 1926 280 1975 uidetur.
300 1924 390 1975 xxll,
410 1924 535 1973 Mensam
553 1939 658 1987 genera
676 1922 743 1972 dno:
762 1939 824 1973 nam
845 1924 968 1973 aliisunt
981 1926 1122 1975 naturales
1138 1925 1187 1975 alii
1201 1926 1307 1976 ciuiles.

165 1996 188 2046 2.
199 1991 372 2043 naturalium
384 1991 494 2056 speeies
511 1991 590 2052 ιὶιιιιε,
611 1990 682 2054 qnod
694 1992 796 2055 partim
808 1991 876 2041 solis
888 1992 987 2056 partim
1001 1992 1088 2043 limae
1097 2009 1158 2042 csse
1172 1994 1308 2045 dicuutur.

165 2059 313 2111 seeundum
333 2059 419 2109 solem
432 2058 464 2107 fit
476 2059 577 2108 mensis
590 2058 653 2107 ιιιιιιι
667 2057 707 2107 sol
720 2059 928 2123 rrnrrmquodque
948 2060 975 2108 in
988 2061 1102 2110 zodiaco
1121 2062 1186 2111 orbe
1200 2063 1308 2126 signum

165 2128 312 2193 percurrit,
338 2127 444 2177 lunaris
469 2132 511 2176 est
534 2133 627 2175 autem
650 2128 782 2190 temporis
805 2126 940 2190 quoddam
963 2129 1084 2192 spatium
1108 2144 1125 2177 a
1143 2142 1215 2177 noua
1232 2128 1308 2177 luna.

164 2196 189 2247 3.
200 2195 299 2247 ciuiles
312 2210 422 2245 merraes
435 2200 498 2243 sunt
509 2196 615 2243 numeri
629 2193 738 2256 qnidam
751 2193 856 2244 dierum
871 2209 938 2258 quos
950 2210 1131 2259 unaquaeque
1145 2196 1246 2244 claritas
1259 2211 1308 2246 sue

166 2263 289 2313 instituto
307 2263 455 2323 obseruat,
475 2268 505 2310 ut
522 2276 594 2311 nrrne
613 2261 729 2311 llomani
748 2277 765 2309 a
784 2260 919 2311 Kalendis
938 2263 967 2310 in
985 2262 1135 2311 Kalendas.
1167 2262 1307 2312 naturales

167 2343 193 2381 ct
209 2332 383 2395 antiquiores
402 2335 431 2379 et
449 2330 567 2379 oninium
585 2329 710 2391 gentiam
729 2344 884 2379 communes
903 2335 980 2390 sunt,
1007 2329 1106 2378 ciuiles
1126 2335 1153 2377 et
1172 2331 1307 2394 posterius

167 2400 284 2449 instituti
303 2397 387 2448 etad
407 2412 624 2460 urrarnquamqne
644 2397 783 2460 pertinent
801 2397 954 2446 ciuitatem.
981 2397 1005 2444 d.
1025 2397 1152 2460 quisunt
1171 2396 1308 2445 caelestes

167 2468 220 2517 siae
237 2454 307 2517 ielis
326 2480 376 2514 seu
393 2464 476 2513 laruae
496 2480 583 2529 neque
601 2479 739 2528 peraeque
757 2464 831 2512 inter
848 2480 877 2513 se
891 2479 972 2528 pares
985 2470 1048 2511 sunt
1060 2479 1112 2512 nec
1130 2463 1190 2512 dies
1203 2463 1308 2513 habent

167 2540 243 2584 tetes.
280 2534 382 2598 qnippe
402 2530 443 2581 sol
460 2533 489 2580 in
508 2532 622 2595 aquario
641 2535 763 2579 moratur
780 2531 893 2580 circiter
910 2531 1100 2594 undetriginta
1113 2531 1141 2578 in
1158 2531 1234 2593 pisee
1249 2531 1306 2579 fere

167 2603 280 2667 triginta
298 2602 328 2650 in
347 2601 436 2649 ariete
455 2615 537 2649 ιιιιιιιιι
564 2606 592 2648 ct
617 2599 732 2662 triginta
757 2598 784 2646 in
808 2599 925 2661 genuinis
950 2614 1034 2663 prope
1058 2598 1174 2661 triginta
1194 2602 1221 2645 et
1240 2596 1306 2645 dum

167 2678 192 2719 et
207 2671 248 2718 sie
269 2670 297 2718 in
318 2669 421 2717 ceteris
440 2665 671 2730 inaequabiliter,
696 2665 745 2713 sed
768 2681 854 2728 nsque
876 2666 945 2715 adeo
965 2682 1017 2714 rron
1037 2670 1109 2714 totos
1128 2665 1187 2712 dies
1206 2665 1233 2711 in
1253 2665 1307 2711 sin-

167 2737 241 2801 gulis,
262 2744 294 2785 ut
306 2750 407 2785 artuum
426 2749 503 2783 srrrun
523 2734 551 2783 id
570 2739 612 2781 est
630 2733 690 2781 dies
708 2738 849 2781 trecentos
867 2734 1014 2797 sexaginta
1034 2733 1152 2797 (pariaque
1167 2738 1194 2780 et
1206 2732 1307 2795 portio·

166 2821 223 2855 nem
242 2803 339 2854 nescio
359 2818 440 2866 qnam
463 2801 552 2850 adhuc
572 2800 720 2864 astrologis
745 2800 945 2864 inexploratum
971 2802 999 2848 in
1018 2799 1161 2849 ‹luodecim
1186 2814 1249 2847 suos
1268 2798 1307 2846 di·

165 2873 239 2921 uidat
251 2887 370 2920 menses.
402 2869 425 2918 5.
441 2868 506 2917 lerna
525 2877 615 2917 autern
635 2867 757 2929 singrdos
776 2883 839 2917 erres
858 2884 965 2917 rurenses
979 2869 1091 2917 conticit
1108 2866 1206 2919 dicbus
1224 2866 1307 2914 unde-

166 2941 279 3003 triginta
298 2939 411 2987 circiter
430 2941 458 2985 et
476 2936 629 2994 dimidiato,
650 2936 699 2984 scd
713 2942 741 2985 ct
753 2935 803 2984 hos
817 2937 890 2984 inter
902 2952 932 2983 se
946 2936 1071 3000 dispares
1085 2934 1156 2984 alias
1169 2934 1308 2997 longiores

167 3007 234 3057 alias
252 3006 404 3056 breuiores.
442 3009 471 3053 at
495 3005 651 3053 ciuitatium
676 3019 784 3052 menses
809 3003 855 3053 uel
876 3003 965 3064 magis
984 3018 1095 3051 numero
1114 3003 1217 3051 dierum
1237 3002 1310 3050 inter

166 3092 193 3124 se
203 3076 375 3138 discrepant,
389 3072 438 3120 sed
451 3071 510 3120 dies
523 3071 623 3135 ubique
640 3071 746 3119 liabent
758 3076 839 3120 totos.
875 3070 900 3119 tl.
917 3070 987 3134 apim
1001 3070 1122 3119 Albanos
1136 3070 1253 3118 Martius
1266 3072 1309 3117 est

167 3158 210 3191 sex
228 3150 258 3191 ct
276 3142 392 3202 triginta
412 3140 502 3188 Maius
520 3140 622 3203 uiginti
646 3146 674 3187 et
697 3139 777 3187 ‹lrrrun
796 3138 910 3187 Sextilis
934 3137 1126 3199 ‹lumleniginti
1145 3137 1308 3201 September

166 3211 298 3261 sedecim:
319 3206 536 3257 Tusculanorum
555 3207 688 3267 Quintilis
712 3207 771 3254 dicu
794 3205 880 3254 habet
903 3206 1017 3253 xxxv!
1045 3203 1168 3254 October
1191 3204 1306 3263 xxxn,

167 3278 233 3327 idem
253 3276 377 3326 Octolmr
395 3274 468 3339 apud
485 3274 612 3323 Aricinos
630 3273 798 3323 xxxl'nll.
824 3273 847 3322 7.
862 3273 972 3321 minime
992 3270 1119 3322 uidentur
1138 3286 1244 3320 errasse
1263 3271 1308 3335 qui

167 3346 198 3395 ad
215 3345 299 3395 lunae
319 3358 428 3393 curarim
440 3357 547 3390 menses
565 3342 660 3391 cirdles
680 3341 922 3391 accommodarunt
939 3346 969 3388 ut.
983 3326 1014 3388 in
1034 3339 1156 3388 Graecia
1174 3338 1308 3402 plerique,

167 3413 234 3477 apud
247 3426 315 3476 quos
328 3410 428 3460 alterni
442 3425 550 3458 merrses
563 3410 598 3458 ad
616 3410 735 3459 tricenos
753 3409 812 3457 dies
830 3414 893 3457 srrnt
912 3408 989 3457 faeti.
1025 3408 1050 3457 a.
1064 3407 1182 3455 maiores
1201 3420 1307 3470 «proque

167 3482 249 3531 nostri
267 3479 340 3528 idern
360 3485 424 3526 ιιιιιιι
443 3476 586 3535 ιιειιιιιΙιιιί,
612 3492 672 3526 curn
697 3491 796 3524 aunrun
816 3475 920 3525 dierum
939 3474 1057 3524 CCCLV
1077 3473 1221 3522 traherent.
1259 3473 1307 3522 sed

167 3547 240 3596 diuus
259 3546 346 3596 lulius
366 3560 427 3595 eum
445 3545 551 3593 uideret
568 3545 621 3594 lrac
641 3545 747 3593 ratione
767 3560 855 3607 neque
880 3544 914 3592 ad
938 3543 1029 3591 lunam
1057 3556 1165 3590 menses
1184 3548 1214 3589 ut
1230 3555 1307 3604 opor·

167 3616 241 3665 telrat
258 3630 348 3678 neque
369 3628 470 3662 anuum
489 3612 523 3661 ad
542 3612 627 3661 solem
647 3611 794 3661 corruenire
814 3612 910 3660 maluit
929 3625 1029 3659 anmrm
1048 3610 1200 3673 corrigere,
1220 3612 1251 3656 nt
1268 3607 1308 3656 sie

167 3684 246 3731 etiarn
270 3697 380 3731 irienses
404 3679 500 3729 ciuiles
526 3696 586 3729 cunr
610 3681 684 3728 ueris
709 3678 763 3727 illis
787 3678 922 3728 scolaribus
947 3678 999 3727 etsi
1021 3692 1076 3725 uon
1096 3674 1196 3739 singuli
1216 3680 1309 3724 tamen

166 3751 282 3799 uniuersi
303 3749 338 3798 ad
357 3748 423 3797 anni
441 3746 522 3797 linem
540 3748 698 3798 necessario
712 3752 915 3796 aoncmrerent.
946 3744 970 3792 a.
985 3745 1101 3793 Nomina
1120 3745 1215 3792 decem
1233 3758 1308 3790 men·

167 3818 237 3868 sibrrs
256 3817 379 3881 antiquis
399 3815 542 3864 Romulum
560 3815 661 3864 fecisse
681 3813 795 3863 Fuluius
814 3821 842 3862 et
857 3813 949 3862 lunius
964 3817 1091 3860 erectores
1110 3817 1180 3860 stant.
1210 3816 1237 3858 et
1252 3810 1308 3872 qui·

166 3886 221 3935 dem
240 3886 309 3935 «leros
330 3885 432 3948 primos
450 3899 466 3931 a
486 3884 647 3947 parentibus
666 3883 722 3931 artis
741 3883 911 3940 nominasse,
937 3880 1065 3928 lllartiurn
1085 3894 1101 3927 a
1120 3879 1209 3926 Marte
1228 3881 1307 3940 patre

166 3954 282 4018 Aprilem
302 3953 339 4001 ab
358 3950 508 4014 Aphrodite
527 3951 555 3999 id
573 3956 617 4000 cst
634 3951 759 4004 Venere,
785 3948 855 3996 unde
880 3948 999 3995 maiores
1023 3946 1081 3996 eius
1105 3945 1210 3994 orirrndi
1234 3943 1307 3992 diee-

166 4021 268 4071 bsntur.
294 4019 434 4085 prosimos
452 4018 519 4067 duos
539 4034 555 4067 a
575 4016 683 4082 populo,
697 4017 800 4065 Maium
820 4032 837 4064 a
855 4014 1004 4064 maioribus
1022 4018 1089 4063 natu
1107 4013 1212 4061 Iunium
1232 4025 1249 4057 a
1267 4009 1306 4056 iu·

166 4090 290 4139 morieris
329 4091 440 4136 ceteros
458 4086 492 4135 ab
512 4086 604 4135 ordine
625 4101 677 4149 quo
696 4083 797 4145 singuli
817 4087 905 4143 erant,
925 4080 1075 4143 Quintilem
1092 4095 1177 4142 usqne
1190 4078 1306 4124 Deccm-

165 4156 234 4206 brem
248 4155 365 4221 perinde
381 4168 398 4203 a
408 4169 529 4202 nnnrero.
556 4152 593 4201 lll.
609 4154 695 4201 Varro
711 4158 801 4199 nauem
814 4151 949 4199 llornauos
963 4164 979 4196 a
990 4147 1097 4198 Latinis
1111 4144 1221 4193 nomina
1234 4157 1307 4189 men-

165 4239 217 4273 ιιιιιι
235 4224 382 4287 accepisse
402 4221 552 4270 arbitratus
570 4226 697 4269 auctores
716 4234 806 4267 eorum
826 4218 995 4281 arrthrriores
1013 4231 1091 4279 quam
1110 4213 1204 4259 iulium
1222 4208 1307 4256 finisse

165 4294 226 4342 satis
239 4296 341 4355 argute
352 4289 442 4338 docet.
461 4287 497 4336 tl.
512 4289 605 4351 itaque
616 4287 744 4335 Martium
758 4302 878 4334 inensem
890 4300 906 4332 a
920 4285 1008 4332 Marte
1020 4281 1126 4345 quidem
1140 4275 1307 4324 riortrinatum

165 4362 254 4417 credit,
269 4375 326 4409 non
341 4356 407 4421 qnia
417 4356 523 4405 llomuli
538 4354 621 4405 suerit
634 4360 713 4419 pater
726 4353 774 4403 scd
787 4353 858 4416 quod
871 4367 939 4416 gens
952 4351 1054 4400 Latina
1067 4344 1210 4395 bellicosa.
1229 4343 1307 4407 Apri·
