2964 5002
657 394 761 437 carvr
777 395 815 436 111
1239 362 1319 435 475'

166 568 226 610 ron
243 548 326 631 quod
343 548 472 609 Varroni
487 548 638 607 contraria
651 547 786 607 docuerit
801 546 1021 607 Suetonius-
1036 546 1126 605 immo
1138 564 1212 605 vero
1225 545 1302 607 Var-

166 653 324 713 ronianam
339 649 539 711 eruditionem
557 650 722 729 praecipue
736 646 862 708 Suetoui
885 667 979 726 opera
1000 648 1129 729 posteris
1150 657 1301 709 serratam

167 774 234 815 essa
250 753 459 813 contenderim
474 784 517 797 ·-
533 751 588 813 sed
604 753 675 833 quia
690 752 852 813 Suetonius
869 751 1050 811 etfaciliora
1064 749 1102 810 ad
1119 750 1302 830 intellegen-

167 854 236 916 dum
253 865 378 936 propter
392 857 489 937 ipsam
509 854 689 941 brevitatem
701 864 732 913 et
752 852 1081 913 accommodatiora‘ad
1102 862 1222 932 captum
1248 853 1301 913 ho·
1392 896 1399 907 .

167 978 228 1020 rum
244 967 415 1037 temporum
429 956 579 1017 tradebat.
608 957 747 1016 nimirum
763 955 845 1037 quod
863 954 984 1016 facilius
1002 975 1041 1016 ex
1058 956 1204 1017 Suetonio
1224 956 1300 1015 anti·

167 1080 244 1143 quae
260 1059 440 1120 eruditionis
454 1060 561 1138 copiae
578 1057 796 1120 hauriebantur
811 1058 955 1119 Varronis
973 1057 1043 1118 libri
1060 1078 1121 1117 non
1140 1062 1232 1118 etism
1248 1057 1301 1119 ad-

167 1163 253 1224 bibiti
268 1170 348 1225 sunt.
384 1180 444 1241 qua
464 1168 505 1221 re'
521 1170 757 1221 consentaneum
778 1170 838 1234 est,
859 1181 926 1221 curn
941 1161 1087 1220 Varronis
1108 1163 1222 1239 scripta
1239 1180 1301 1221 ma·

166 1266 211 1345 gis
224 1264 384 1344 magisque
398 1264 635 1343 neglegerentur
645 1271 677 1323 et
691 1283 764 1324 vero
776 1263 919 1343 perirent,
935 1282 977 1322 eo
989 1263 1105 1323 maiore
1120 1264 1301 1323 auctoritate

167 1364 347 1428 Suetonium
354 1365 498 1426 valuisse.
515 1367 559 1425 sic
570 1375 679 1446 quarto
691 1366 816 1426 saeculo
826 1367 1043 1447 Hieronymus,
1055 1375 1089 1425 ut
1100 1365 1252 1426 historiam
1264 1365 1299 1425 il-

165 1469 224 1529 lam
244 1467 395 1528 bellorum
417 1468 552 1528 civilium
578 1470 726 1540 omittam,
747 1468 823 1527 libro
844 1467 881 1528 de
903 1467 1080 1528 inlustribus
1097 1468 1188 1540 viris,
1209 1486 1302 1547 quem

166 1572 230 1652 ipse
247 1572 381 1630 imitatos
398 1580 445 1631 est
467 1556 612 1651 cuiusq'ue
636 1570 771 1648 singulas
783 1571 955 1649 particulas
980 1573 1039 1629 iam
1061 1579 1132 1630 aute
1152 1589 1300 1648 gramma·

120 1664 126 1682 ⁸
166 1674 217 1735 tici
238 1672 336 1732 veluti
358 1673 499 1732 Donatus
516 1672 698 1755 Hieronymi
719 1674 864 1750 magister
879 1682 914 1732 ut
929 1673 1053 1732 scholiis
1071 1672 1302 1755 praemitterent

167 1794 333 1856 excerpere
359 1774 442 1835 soliti
466 1782 567 1847 erant,
596 1775 627 1833 in
646 1774 863 1834 addit-amentis
885 1774 925 1833 ad
946 1775 1114 1835 Eusebium
1142 1795 1214 1835 usus
1240 1785 1300 1835 sat:

168 1877 335 1959 eodemque
361 1876 427 1937 fere
451 1885 586 1955 tempore
609 1876 733 1938 Servius
753 1875 932 1937 Suetonium
957 1878 987 1936 in
1009 1898 1093 1938 suum
1121 1898 1206 1938 usum
1229 1897 1298 1937 con·

166 1981 257 2040 vertit
286 1980 384 2053 ueluti
415 1979 509 2040 libros
540 1978 677 2038 ludicrae
704 1972 851 2039 historiae
881 1988 912 2039 ct
940 1990 1045 2059 prata,
1071 2000 1151 2061 quae
1179 1979 1300 2061 quidem

166 2082 231 2161 ipsa
256 2102 419 2162 numquam
449 2083 585 2142 nominat
609 2091 641 2142 ut
672 2082 733 2141 iam
763 2090 825 2140 tum
855 2076 990 2159 singulas
1016 2092 1169 2162 pratorum
1197 2092 1300 2163 partes

166 2202 298 2245 seorsum
319 2182 488 2264 descriptas
506 2202 574 2244 esse
591 2183 746 2260 conligere
766 2183 870 2242 liceat.
900 2204 1082 2264 quamquam
1103 2187 1135 2244 in
1151 2205 1299 2246 commen·

166 2287 249 2347 tariis
270 2284 445 2359 Servianis,
469 2286 582 2366 quippe
609 2306 684 2366 quos
703 2284 758 2344 ille
780 2305 819 2343 ex
845 2284 1065 2365 antiquioribus
1085 2287 1300 2368 hypomnema-

166 2389 203 2449 tis
210 2388 373 2449 maximam
384 2397 500 2467 partem
511 2388 721 2485 conpilsyerit,
734 2406 808 2446 usus
820 2386 1073 2447 Suetonianorum
1083 2387 1228 2448 librorum
1238 2411 1299 2451 uon

167 2498 224 2551 tam
236 2489 398 2550 manifesto
413 2489 552 2569 proditur
568 2510 657 2570 quam
672 2490 702 2549 in
719 2489 842 2549 scholiis
854 2488 1076 2562 Beruensibus,
1094 2489 1239 2568 inprimis
1255 2493 1299 2552 eis

167 2611 242 2673 quae
258 2590 298 2651 ad
313 2591 456 2651 Iunilium
476 2591 507 2651 id
523 2588 570 2652 est
582 2592 796 2674 Philargyrum
810 2591 992 2653 referuntur.
1023 2591 1062 2652 cl.
1082 2611 1185 2669 georg.
1201 2580 1301 2655 11‘1ss

168 2694 284 2773 (fragm.
301 2701 349 2756 ret
357 2695 375 2733 *
386 2692 457 2752 adn.
471 2689 554 2772 sup.)'
568 2697 687 2754 Iunilius
703 2704 729 2753 ct
744 2696 920 2770 Trooqro'tlur
935 2713 1037 2773 georg.
1052 2694 1160 2757 111151
1177 2691 1298 2772 (fragm.

169 2793 252 2875 tw)
272 2798 417 2855 Suetonius
442 2806 468 2854 et
490 2798 616 2854 Irrnr'lios.
649 2798 708 2855 iam
728 2817 802 2855 vero
824 2795 932 2856 eadem
952 2806 1053 2857 aetate
1073 2796 1205 2857 studium
1228 2816 1297 2856 con-

167 2900 291 2979 spicitur
322 2898 412 2958 etiam
441 2896 649 2958 Suetonianac
684 2896 861 2959 eruditionis
890 2900 921 2957 in
947 2901 1103 2978 augustius
1133 2899 1298 2980 cogendae,

167 3002 249 3061 cuius
273 3001 318 3060 rei
343 3000 514 3078 exemplum
534 3000 649 3060 habeas
670 3003 826 3060 metricam
845 3001 969 3061 Paulini
989 3003 1102 3064 Nolani
1124 3003 1162 3064 de
1177 3004 1301 3083 regibus

167 3103 334 3182 epitomem.
375 3102 464 3161 huius
492 3111 593 3162 autom
621 3105 773 3163 mentions
801 3102 1009 3180 admonemur,
1040 3115 1074 3166 ut
1098 3105 1180 3186 quod
1208 3126 1300 3187 supra

144 3197 148 3203 ’
166 3204 352 3284 promisimus
371 3202 503 3264 studium
524 3204 600 3277 illud
621 3226 681 3285 quo
702 3214 802 3265 aetate
819 3209 979 3285 posteriori
1002 3207 1209 3269 Suetonianae
1232 3229 1299 3269 eru-

167 3305 286 3367 ditionis
309 3306 458 3386 reliquiae
481 3307 619 3367 versibus
640 3309 903 3370 conscriberentur
930 3307 982 3388 (cf.
1004 3332 1033 3391 p.
1056 3319 1107 3374 297
1120 3312 1202 3393 sqq.)
1222 3332 1296 3392 pau·

166 3409 206 3469 cis
220 3409 424 3469 inlustremus.
468 3410 500 3469 in
516 3430 577 3492 qua
591 3430 624 3469 rs
640 3410 861 3471 discernendae
876 3422 946 3472 sunt
960 3412 1039 3473 duae
1057 3422 1185 3487 aetates,
1202 3415 1300 3475 altera

165 3508 296 3585 Ausoni,
312 3511 409 3571 altera
422 3512 517 3590 ipsius
541 3512 634 3572 medii
653 3513 733 3572 bavi.
764 3513 916 3574 Ausonius
939 3515 1018 3574 enim
1041 3514 1163 3574 Paulini
1185 3519 1299 3577 amicus

167 3609 330 3673 Caesarum
340 3613 433 3673 libros
448 3614 627 3674 brevissimo
641 3616 774 3676 carmine
789 3616 821 3674 iu
837 3618 996 3695 epitomum
1012 3627 1171 3698 coegerat,
1188 3617 1299 3679 eidem·

166 3732 222 3794 que
237 3716 333 3775 aetati
350 3715 535 3775 vindicanda
549 3717 691 3776 videntur
706 3719 840 3777 carmina
857 3718 925 3792 illa,
943 3739 1022 3798 quae
1039 3721 1070 3779 in
1085 3722 1202 3781 Ausoui
1217 3721 1298 3781 codi-

167 3816 247 3877 cibus
269 3817 412 3895 leguntur
433 3817 471 3878 de
491 3819 661 3878 nominibus
682 3829 799 3900 septem
820 3819 935 3879 dicrum
952 3831 982 3880 et
996 3823 1142 3882 mensium
1165 3825 1298 3904 apoetis

165 3918 253 3978 medii
277 3921 347 3978 aevi
367 3921 489 3999 saepius
501 3921 647 3993 imitando
660 3942 816 3999 expressa.
837 3922 885 3981 his
896 3932 996 3982 autem
1010 3925 1084 4004 ipsis
1096 3924 1298 3986 adtribuenda

165 4029 231 4080 sunt
241 4020 376 4080 carmina
388 4021 426 4080 de
440 4021 598 4082 duodecim
610 4025 835 4083 ventis-nam
850 4034 974 4104 praeter
983 4025 1052 4085 illos
1068 4030 1221 4103 Tranquilli
1223 4031 1296 4103 phy·

165 4126 212 4181 rici
224 4142 346 4196 versus,
363 4144 439 4204 quos
459 4126 519 4184 ium
535 4124 691 4184 Beckerns
711 4126 872 4204 praeclare
887 4128 947 4188 huc
960 4131 1114 4208 pertineto
1133 4129 1296 4203 intellexit,

166 4222 247 4284 diod
262 4225 294 4283 in
311 4225 485 4304 anthologia
499 4228 612 4286 Latina
627 4246 747 4287 carmen
760 4226 896 4290 eiusdem
911 4232 1079 4310 argumenti
1096 4240 1198 4305 extat,
1214 4214 1296 4311 quod

167 4326 288 4405 egregie
305 4345 371 4385 cum
385 4327 565 4409 Tranquillo
577 4330 715 4406 congruit
732 4363 773 4373 —
791 4328 902 4391 deinde
918 4353 1023 4392 versus
1039 4332 1078 4393 de
1091 4331 1218 4393 vocibus
1230 4333 1294 4391 ani·

165 4428 321 4504 nantium,
344 4430 510 4510 conpositio
534 4428 665 4510 denique
680 4419 839 4511 horologii.
871 4434 989 4514 spirant
1002 4435 1082 4494 euim
1099 4433 1177 4495 haec
1196 4434 1295 4495 omnia
