2964 5002
206 351 267 412 336
485 363 679 405 carsaoavu
703 363 868 404 rnaaoavn
892 363 1068 412 aaarovraa

204 518 310 591 mant,
335 508 378 571 ab
401 529 441 570 ea
462 516 496 571 et
517 509 596 572 circi
617 506 869 594 appellationem
892 516 1172 592 argumentantur.
1214 530 1278 573 oua
1298 510 1354 574 ho-

203 611 275 674 nori
299 608 471 673 Castorum
498 607 689 671 adscribunt
715 609 771 692 qui
798 607 871 672 illos
901 630 963 672 ouo
991 607 1099 672 editos
1122 608 1288 675 credendo
1312 610 1354 674 de

205 731 313 797 cygno
344 709 423 774 Ioue
456 730 522 773 non
551 708 759 773 erubescunt.
809 707 979 794 delphines
1015 709 1168 796 Neptuno
1203 719 1352 774 ueniunt.

202 813 373 876 columnae
402 809 530 873 Sessias
561 830 581 872 a
616 808 925 890 sementationibus,
959 810 1098 874 Messias
1125 832 1148 872 a
1177 810 1353 893 messibus,

203 911 380 976 Tutulinas
407 909 549 974 atutela
576 909 742 974 fruetuum
767 912 940 975 sustinent
982 920 1058 976 ante
1085 910 1145 975 has
1176 921 1245 976 tres
1274 927 1373 976 arses

200 1013 297 1076 trinis
325 1012 397 1077 deis
418 1020 551 1099 parent:
595 1010 728 1096 Magnis
750 1000 943 1076 Potentibus
965 1011 1172 1077 Valentibus.
1217 1011 1353 1076 eosdem

202 1165 253 1200 uris
271 1152 408 1216 Augustus
431 1151 460 1199 in
483 1150 556 1199 circo
579 1164 680 1214 magno
704 1151 801 1199 statuit
824 1149 932 1200 excisus
955 1154 998 1199 est
1021 1166 1038 1200 a
1060 1165 1128 1216 rege
1146 1151 1351 1211 Semneserteo‚

204 1235 256 1284 quo
275 1223 409 1282 regnante
428 1218 602 1282 Pythagoras
621 1218 649 1265 in
660 1218 785 1282 Aegypto
799 1218 864 1279 luit,
884 1221 993 1267 eentum
1005 1218 1106 1283 uiginti
1119 1219 1237 1284 quinque
1250 1218 1352 1282 pedum

204 1292 233 1336 ct
255 1285 411 1348 dodrantis,
435 1290 547 1351 praeter
568 1285 650 1335 basin
673 1285 794 1335 eiusdem
817 1285 930 1350 lapidis:
955 1286 979 1335 is
1001 1300 1068 1335 uero
1092 1300 1172 1351 quem
1195 1287 1225 1334 in
1252 1300 1352 1350 campe

203 1354 304 1404 Martio
321 1370 421 1404 nouem
438 1353 554 1419 pedibus
572 1354 660 1403 minor
678 1368 695 1402 a
713 1353 876 1404 Sesostride.
915 1354 1043 1419 inscripti
1062 1349 1252 1404 ambo'rernm
1270 1359 1352 1403 natu·

203 1438 251 1473 rae
274 1421 531 1487 interpretationem
554 1421 751 1486 Aegyptiorum
778 1420 952 1485 philosophia
976 1418 1137 1471 continent!
1178 1418 1297 1471 XXXVI
1319 1418 1351 1469 8:

203 1488 321 1540 ‘'l'rabes
339 1505 372 1539 ex
390 1489 504 1552 Syenite
526 1504 661 1538 marmore
684 1489 812 1538 fecerunt
834 1503 914 1552 reges
941 1489 1059 1552 quodam
1077 1488 1230 1539 certamine
1249 1487 1352 1537 obelis·

204 1574 252 1608 cos
269 1563 403 1607 necantes
425 1556 491 1606 solis
514 1556 619 1606 numini
641 1554 786 1606 sacratos)
806 1582 837 1590 -
873 1556 961 1606 Varro
979 1558 1011 1606 1..
1030 1557 1064 1607 1..
1084 1557 1107 1606 V
1127 1555 1188 1606 los:
1217 1558 1351 1607 ‘intumus

205 1627 294 1675 circus
314 1626 348 1674 ad
360 1624 494 1674 Murciam
511 1629 627 1673 uocatur
644 1629 674 1673 ut
691 1622 827 1673 Procilius
846 1623 941 1673 aiebat
960 1623 995 1673 ab
1013 1624 1117 1686 urceis,
1138 1622 1210 1690 qnod
1228 1625 1254 1674 is
1273 1622 1351 1673 loeus

204 1697 279 1743 esset
301 1694 373 1742 inter
391 1691 502 1756 ligulas:
527 1690 576 1740 alii
597 1691 693 1741 dicum
711 1707 728 1739 a
745 1696 863 1742 murteto
881 1691 1064 1755 declinatum,
1089 1693 1160 1757 quod
1185 1692 1224 1741 ibi
1243 1692 1272 1741 id
1290 1691 1350 1741 tue·

203 1761 250 1810 rit:
270 1761 365 1824 quoius
383 1759 529 1824 uestigium
547 1763 650 1820 manet,
675 1758 802 1821 quodibi
820 1758 952 1809 sacellum
971 1761 1055 1809 etiam
1070 1775 1142 1809 nunc
1155 1761 1283 1809 Murteae
1296 1759 1350 1808 Ve-

203 1826 297 1878 neris)
334 1828 370 1877 cf.
389 1827 492 1876 Paulus
510 1826 589 1876 Festi
606 1841 633 1890 p.
655 1824 710 1874 tls.
748 1824 861 1876 Servius
878 1828 948 1877 Aen.
967 1827 1032 1877 vm
1049 1826 1113 1879 usa:
1138 1827 1237 1877 ‘Vallis
1255 1832 1349 1876 auten

202 1897 265 1961 ipsa
284 1895 331 1944 ubi
354 1895 494 1944 circenses
518 1893 585 1943 editi
607 1898 670 1942 suut
692 1893 755 1942 ideo
772 1894 881 1944 Murcia
898 1895 974 1944 dieta
992 1901 1048 1955 est,
1068 1895 1133 1960 quia
1151 1895 1264 1959 quidam
1282 1894 1349 1944 uici·

201 1978 266 2013 num
284 1967 403 2011 montem
420 1963 544 2011 Murcum
562 1961 731 2026 appellatum
749 1960 856 2010 uolunt:
877 1961 925 2011 alii
939 1964 1014 2027 quod
1032 1964 1126 2013 lanum
1144 1963 1264 2012 Veneris
1282 1962 1349 2012 Ver-

202 2030 335 2080 ticordiae
360 2031 399 2078 ibi
422 2029 518 2090 suerit,
543 2029 619 2078 circa
641 2028 712 2093 qnod
730 2043 825 2079 nemus
845 2043 860 2078 e
884 2031 1009 2093 myrtetis
1028 2031 1139 2092 luisset3
1157 2029 1223 2079 inde
1242 2036 1349 2080 mutata

202 2098 296 2147 littera
312 2098 446 2147 Murciam
464 2096 645 2161 appellatam:
670 2094 719 2145 alii
736 2097 885 2147 murcidam
904 2113 922 2146 a
939 2113 1033 2148 murco
1048 2099 1117 2163 quod
1136 2102 1181 2148 est
1198 2097 1348 2148 murcidum

202 2167 305 2215 dictum
321 2165 438 2215 uolunt·
462 2179 527 2229 pars
543 2181 560 2214 a
577 2164 630 2213 dea
647 2164 754 2212 Murcia
772 2164 848 2227 dicit,
867 2181 939 2230 qnae
957 2181 1018 2216 cnm
1036 2167 1076 2215 ibi
1092 2165 1289 2215 Bacchanalia
1306 2180 1348 2216 es·

202 2239 273 2295 sent,
292 2233 412 2282 furorem
429 2233 502 2282 sacri
520 2233 606 2297 ipsius
624 2231 774 2281 murcidum
793 2231 919 2283 faceret)
938 2259 971 2269 -
1005 2233 1126 2284 Isidoms
1149 2234 1238 2298 origg.
1258 2233 1348 2283 XVlll

202 2300 326 2351 alt-31:
356 2299 543 2350 ‘Ornamenta
565 2299 632 2348 circi
659 2314 712 2348 oua
735 2304 810 2349 meta
827 2300 971 2350 obeliscus
994 2317 1132 2352 carceres.
1173 2316 1229 2351 oua
1251 2301 1348 2351 honori

203 2368 327 2418 Castoris
351 2373 379 2418 et
396 2367 518 2418 Pollucis
542 2367 698 2427 ascribunt,
723 2372 769 2429 qni
785 2366 850 2416 illos
868 2383 921 2418 oua
938 2369 1029 2419 editos
1047 2368 1185 2419 credendo
1201 2369 1238 2419 de
1257 2384 1348 2434 cygno

201 2438 268 2487 lone
286 2451 340 2486 non
359 2437 514 2485 erubesnnt.
546 2435 654 2499 flngsmt
675 2439 767 2484 autem
791 2436 928 2485 circensia
944 2437 1063 2488 Romani
1081 2436 1116 2487 ad
1134 2450 1237 2486 causas
1255 2436 1348 2487 mundi

202 2504 313 2554 referri:
342 2509 373 2553 ut
395 2503 445 2553 sub
468 2504 521 2553 hac
544 2505 638 2567 specio
661 2503 872 2566 superstitiones
900 2505 1055 2555 sanitatum
1081 2520 1191 2555 suarum
1215 2510 1349 2555 excusent

202 2570 249 2635 (cf.
265 2573 360 2637 frapra.
380 2568 484 2636 18W).
519 2578 652 2639 metarum
676 2570 776 2635 quippe
801 2572 987 2636 appellatione
1010 2572 1120 2638 proprie
1143 2573 1291 2623 torminum
1314 2587 1347 2622 as

203 2641 283 2689 finem
302 2640 393 2688 mundi
411 2639 552 2703 designari
569 2637 677 2696 uolunt,
703 2637 738 2686 sb
758 2653 791 2686 eo
809 2640 880 2702 quod
898 2639 982 2689 alicui
999 2656 1126 2690 emensus
1144 2640 1208 2689 linis
1227 2641 1346 2690 estsine

203 2709 238 2757 ad
261 2708 445 2756 testimoninm
474 2707 587 2755 orientis
614 2705 818 2769 occidentisque
847 2707 921 2755 solis.
958 2708 1107 2758 obeliscum
1131 2709 1278 2772 Mesphres
1300 2724 1347 2757 rex

181 2791 183 2795 ’
201 2776 320 2839 Aegypti
338 2774 440 2838 primus
464 2775 564 2823 secisse
583 2773 670 2821 fertur
688 2772 738 2821 tali
757 2790 790 2822 cx
810 2790 901 2824 causa.
944 2791 1004 2824 essm
1023 2777 1138 2840 qarodarn
1157 2780 1283 2841 tempore
1301 2777 1346 2826 Ni-

201 2843 243 2892 lus
267 2841 390 2891 uiolenta
416 2842 596 2890 inundatione
619 2841 746 2905 Aegypto
769 2843 920 2901 nocuisset,
945 2843 1106 2908 indignatus
1129 2860 1176 2893 rex
1206 2850 1346 2908 tamquam

201 2925 306 2974 poenas
330 2925 347 2957 a
371 2909 480 2958 flumine
505 2911 629 2973 exigeret
656 2909 788 2971 sagittam
812 2912 842 2959 in
863 2911 952 2959 undas
975 2911 1055 2960 misit.
1097 2926 1152 2960 non
1176 2911 1263 2961 multo
1287 2919 1348 2977 post

201 2978 280 3042 graui
298 2977 458 3026 ualetudine
477 2983 618 3041 correptus
640 2975 732 3024 lumen
757 2979 861 3035 arnisit;
887 2978 931 3042 qni
954 2985 1016 3044 post
1040 2980 1207 3029 caecitatem
1226 2981 1288 3030 nisu
1305 2997 1346 3030 re·

201 3051 281 3108 cepto
304 3044 371 3092 dnos
394 3045 531 3095 obeliscos
550 3045 600 3094 soli
627 3045 759 3093 sacrauit.
797 3045 935 3095 obeliscus
953 3048 1027 3096 enim
1044 3048 1149 3112 sagitta
1166 3048 1282 3096 dicitnr:
1302 3050 1346 3113 qui

200 3113 262 3161 ideo
281 3113 308 3161 in
327 3112 415 3163 medio
435 3115 508 3162 circo
527 3113 636 3177 ponitur
659 3112 723 3176 quia
745 3128 795 3177 per
813 3114 929 3162 medinm
953 3116 1080 3164 mundum
1098 3115 1140 3164 sol
1159 3116 1254 3164 currit.
1291 3133 1345 3166 rne-

201 3180 245 3228 dio
264 3186 353 3228 antem
373 3181 463 3246 spatio
482 3181 516 3230 ab
536 3186 651 3243 utraque
674 3187 748 3229 meta
767 3182 930 3230 constitutus
954 3183 1093 3232 obeliscus
1111 3183 1256 3248 fastigium
1275 3200 1345 3234 sum-

201 3247 378 3311 mitatemque
397 3249 470 3298 caeli
489 3248 641 3313 significat,
666 3263 726 3296 curn
751 3247 792 3297 sol
811 3249 846 3298 ab
865 3256 980 3313 utroque
998 3251 1089 3314 spatio
1107 3251 1198 3300 medio
1216 3252 1345 3302 horarum

199 3315 358 3364 discrimine
377 3316 555 3366 transcendit.
586 3331 690 3364 summo
708 3316 831 3366 obelisco
849 3319 1049 3382 superpositum
1063 3324 1105 3367 est
1114 3319 1252 3382 quoddam
1266 3336 1345 3370 aura·

199 3384 302 3432 tamin
321 3384 428 3433 modum
446 3385 571 3434 flammae
597 3383 756 3444 formatum,
776 3385 906 3448 qnoniam
924 3384 965 3435 sol
983 3387 1128 3450 plurimum
1146 3386 1174 3435 in
1193 3403 1224 3436 ss
1243 3388 1346 3438 caloris

200 3458 281 3515 atque
301 3452 372 3516 ignis
390 3451 494 3501 habet)
513 3478 542 3486 -
564 3451 944 3502 Cassiodoriusvar.111512
970 3455 1090 3504 ‘Primus
1108 3455 1182 3503 enim
1200 3453 1253 3504 hoc
1275 3457 1345 3520 apud

199 3520 304 3568 lilislem
322 3521 407 3570 Asiae
430 3521 572 3568 ciuitatem
591 3519 746 3569 Oenomaus
771 3520 858 3569 fertur
880 3521 1015 3583 edidisse,
1039 3522 1109 3586 qnod
1127 3530 1226 3586 postca
1246 3525 1344 3573 Romu·

198 3587 240 3637 lns
264 3589 292 3636 in
315 3594 396 3653 raptu
415 3588 580 3637 Sabinarum
602 3587 718 3636 necdum
743 3589 866 3637 fundatis
888 3590 1022 3639 aedificiis
1045 3589 1175 3639 ruraliter
1193 3593 1346 3641 ostentauit

198 3656 305 3706 ltaliae.
342 3657 390 3706 scd
414 3657 507 3706 mundi
530 3656 654 3704 dominns
678 3656 712 3704 ad
736 3657 887 3721 potentiam
905 3672 982 3706 suam
1001 3672 1069 3722 opus
1088 3657 1225 3708 extollens
1243 3661 1344 3709 miran-

199 3724 260 3773 dam
280 3724 362 3773 ctianr
381 3725 512 3775 Romanis
530 3723 665 3773 fabricam
683 3725 712 3772 in
731 3724 830 3773 nollem
849 3726 983 3774 lllnreiam
1002 3725 1120 3775 tetendit
1137 3725 1291 3796 Augustus,
1315 3734 1350 3776 ut

199 3792 332 3840 immonsa
350 3793 435 3841 insoles
458 3792 572 3842 firmiter
594 3792 756 3856 praecincta
777 3792 915 3842 montibus
932 3793 1096 3854 contineret,
1115 3793 1163 3842 nbi
1182 3809 1344 3859 magnarum

199 3873 287 3906 rerum
310 3860 414 3908 indicia
438 3859 640 3909 clauderentur.
681 3859 792 3908 bissena
816 3861 917 3924 quippe
942 3863 1015 3910 ostia
1039 3861 1073 3910 sd
1097 3860 1243 3911 duodecim
1262 3866 1345 3927 signa

198 3932 355 3989 ponrrerunt.
391 3926 459 3975 haec
479 3928 513 3976 eb
536 3926 667 3976 hermulis
692 3927 800 3977 funibus
823 3928 951 3977 demissis
969 3929 1061 3978 subita
1084 3928 1258 3993 aequalitate
1277 3947 1344 3996 pan·

198 3993 305 4054 duntur,
325 3994 456 4042 docentes
475 4000 559 4042 totum
578 3994 637 4043 illic
655 4001 685 4042 nt
702 3995 851 4060 putabatur
868 3996 984 4045 consilio
1003 3997 1072 4060 geri,
1090 3995 1137 4045 ubi
1156 3997 1249 4063 imago
1269 4000 1343 4064 capi·

197 4061 233 4108 tis
252 4061 427 4124 cognoscitur
449 4063 568 4124 operari.
604 4061 710 4112 colores
735 4068 825 4112 autem
843 4064 871 4112 in
889 4065 979 4112 uicem
997 4070 1149 4128 tempomm
1169 4066 1344 4128 quadrifaria

286 4210 296 4258 l
327 4206 505 4273 argutantur
530 4200 583 4254 Fr.
613 4201 715 4256 letatus
741 4195 754 4280 Η
780 4199 910 4260 idaeus
935 4220 1035 4278 cygno
1057 4204 1082 4258 A
1102 4195 1116 4280 Η
1138 4211 1155 4263 3
1179 4200 1341 4281 delphines

198 4284 379 4355 Guapaes'us:
402 4281 563 4360 delphinos
579 4286 604 4340 A
618 4278 632 4364 ss
647 4294 778 4342 nunaunt.
796 4284 956 4344 columnae
970 4288 1126 4344 Oelsleras:
1147 4298 1276 4346 uomnnt
1293 4309 1339 4347 eo-

197 4365 326 4425 lumnae.
343 4372 426 4442 culpo
441 4363 454 4447 ΙΙ
469 4379 485 4428 5
498 4366 642 4426 tutelinas
652 4372 695 4426 ‘Ab
711 4363 724 4450 ΙΙ
739 4374 806 4429 asA
821 4365 866 4453 116
882 4372 953 4430 tinis
965 4365 1008 4451 All
1019 4370 1200 4430 Valentibus
1219 4379 1314 4432 orma
