2964 5002
167 369 228 432 534
394 431 399 441 ,
576 385 609 426 ru
627 384 726 426 vrrsu
744 383 898 425 rensuum

165 541 345 622 prooemiis,
367 537 419 597 ubi
440 557 522 598 nunc
536 539 727 611 Apollodorus
747 536 860 614 legitur
879 534 1070 613 simpliciter,
1091 535 1228 615 potnerit
1243 534 1300 594 ali·

167 663 226 723 quo
242 643 310 701 loco
327 641 398 700 olim
420 640 560 719 pleniore
580 639 705 698 nomine
721 639 911 711 Apollodorus
926 638 1074 712 Carystius
1096 636 1300 698 dictusessc:

167 745 225 804 etsi
241 744 284 803 cis
300 742 523 802 commentariis
540 750 677 801 est-sane
691 740 741 799 hic
756 740 886 819 scriptor
899 759 985 813 usus,
1001 740 1134 799 velutin
1150 739 1211 799 illis
1224 757 1302 820 quse

167 846 205 905 de
220 845 330 906 Luscio
346 845 509 903 Lanuvino
524 842 656 915 rettulit,
672 851 775 902 tamen
792 841 866 922 quid
883 850 929 901 ost
945 861 1075 921 quaeso,
1092 862 1145 900 cur
1160 840 1302 921 probabi·

165 948 224 1007 lius
239 948 289 1006 hic
310 949 459 1007 statuatur
473 965 564 1026 quam
584 945 617 1004 in
641 944 775 1004 auctario
798 944 880 1006 vitas
902 962 1016 1004 nornen
1037 945 1154 1022 gentile
1178 944 1303 1004 interci-

166 1049 272 1109 disse?
302 1048 483 1128 praesertim
510 1067 577 1108 cnm
599 1067 637 1107 ex
665 1067 701 1107 eo
724 1047 858 1107 auctario
884 1046 1014 1106 finitima
1035 1044 1222 1126 deprompta
1242 1047 1304 1108 sint

166 1151 277 1211 omnia.
933 1225 935 1229 Α
1092 1220 1096 1227 .

250 1253 341 1315 Vita
371 1259 472 1312 autem
496 1249 753 1312 Ambrosiana
779 1251 834 1310 illu
860 1249 964 1330 (quam
991 1259 1061 1330 post
1085 1250 1192 1313 Rotbii
1218 1270 1304 1312 curas

167 1354 276 1416 eodem
297 1357 363 1415 inre
382 1355 554 1432 Parisinam
577 1350 674 1429 dicas)
704 1354 761 1412 etsi
785 1353 901 1413 referto
924 1360 971 1412 cst
991 1371 1068 1412 sane
1084 1351 1304 1415 additamentis

22 1454 25 1459 ’
110 1468 112 1472 ’
166 1478 230 1518 non
246 1476 263 1516 c
278 1457 395 1519 Donati
411 1457 462 1516 vel
477 1456 542 1516 vita
556 1456 609 1515 vel
621 1455 837 1515 commentario
853 1455 972 1533 petitis,
988 1463 1093 1514 tamen
1108 1455 1187 1513 hoec
1202 1456 1305 1515 omnia

166 1559 209 1621 ita
225 1568 400 1638 comparata
414 1567 486 1619 sunt
499 1568 533 1619 ut
555 1578 609 1618 suo
632 1558 758 1636 ingenio
771 1548 871 1618 'fretus
886 1557 1004 1635 fingere
1025 1558 1155 1635 scriptor
1170 1559 1307 1636 potuerit

166 1783 257 1842 gens,
282 1761 440 1823 doctrinae
456 1763 558 1822 fontes
581 1762 658 1821 alios
680 1760 820 1820 habuerit
835 1761 954 1821 nullos:
977 1761 1158 1840 praesertim
1179 1761 1233 1822 ubi
1253 1762 1306 1822 illa

166 1865 357 1945 reputaveris
374 1864 414 1923 ad
429 1884 522 1925 unum
537 1863 597 1922 hoc
612 1863 772 1922 consilium
787 1862 904 1936 redire,
927 1872 960 1921 ut
975 1864 1118 1925 itinerum
1132 1864 1273 1924 rationes
1288 1883 1307 1925 a

118 1968 123 1981 '
165 1977 259 2047 poeta
274 1958 421 2027 foetorum
436 1965 565 2025 clariore
582 1965 614 2023 in
630 1964 697 2024 lucc
714 1964 959 2036 conlocarentur.
1002 1966 1052 2025 De
1069 1985 1128 2044 quo
1144 1974 1179 2025 ut
1194 1967 1306 2027 certius

166 2065 301 2128 iudicare
317 2069 438 2139 liceret,
454 2067 553 2145 ipsam
567 2066 662 2125 vitam
677 2066 776 2138 illam,
793 2066 875 2125 inter
890 2077 926 2124 lv
941 2067 1094 2127 saeculum
1111 2076 1142 2127 et
1158 2079 1195 2126 xl
1211 2069 1306 2148 scrip·

165 2178 241 2237 tam,
263 2169 321 2228 sed
336 2170 381 2230 illi
402 2170 463 2231 nisi
483 2168 575 2228 fallor
597 2187 687 2249 quam
707 2168 777 2227 huic
792 2169 984 2247 propiorem,
1007 2168 1057 2228 hic
1078 2169 1217 2230 subicere
1241 2171 1306 2250 pla·

167 2272 228 2332 cuit
243 2279 275 2332 et
291 2270 485 2333 emendatam
500 2271 685 2350 aliquotiens
703 2279 734 2330 et
750 2288 789 2330 ex
804 2278 869 2331 arte
889 2269 1077 2333 adnotatam.
1114 2273 1225 2353 Itaque
1249 2292 1305 2352 pro

166 2373 369 2435 fundamento
386 2394 453 2434 esse
470 2372 608 2433 codicem
622 2370 795 2455 Barisinum
809 2371 1038 2434 membraneum
1052 2382 1121 2437 7902
1143 2372 1194 2452 (A)
1210 2375 1304 2450 volui,

166 2477 280 2536 saeculi
295 2485 328 2535 ut
343 2477 439 2536 fertur
454 2486 505 2549 xl,
529 2493 703 2554 possessum
728 2474 799 2534 olim
814 2495 833 2533 a
847 2475 940 2535 Petro
955 2476 1106 2537 Daniele:
1128 2477 1305 2538 lacunosum

165 2598 241 2639 sane
259 2589 289 2638 et
305 2587 337 2637 ut
352 2599 407 2637 usu
423 2579 530 2636 venire
547 2578 580 2636 in
596 2577 648 2635 tali
665 2597 780 2654 genere
797 2578 876 2637 solet
891 2577 1086 2650 mendosum,
1104 2578 1158 2638 sed
1177 2599 1216 2639 ex
1228 2581 1305 2640 anti·

167 2683 272 2760 quiere
288 2691 320 2740 nt
336 2680 457 2738 videtur
473 2679 559 2738 fonte
576 2678 707 2738 ductum.
736 2679 792 2739 Cui
807 2681 921 2738 saeculi
937 2692 984 2737 xv
999 2681 1190 2740 Basileensis
1206 2683 1303 2756 F.111,

166 2780 243 2858 ΜΒ)
262 2791 291 2840 et
306 2781 463 2840 Parisinus
481 2790 542 2842 1441
565 2780 615 2858 (P)
633 2781 797 2839 accedunt:
815 2803 941 2860 quorum
956 2782 1006 2840 hic
1021 2784 1135 2860 insigni
1153 2787 1304 2864 exemplo,

167 2883 318 2963 quomodo
345 2884 489 2961 serpserit
513 2883 723 2961 interpolandi
749 2884 876 2942 licentia
899 2893 1056 2943 monstrat.
1098 2887 1228 2947 Praeter
1249 2888 1305 2948 hos

166 2996 241 3057 trec,
269 3005 284 3041 c
302 2985 409 3064 quibus
427 2995 601 3063 excerptam
618 2984 655 3042 ab
672 2986 851 3045 Hnnaikero
876 2986 1114 3066 discrepantiam
1136 2991 1305 3069 scripturae

166 3087 293 3145 Rothius
308 3088 409 3146 Musei
424 3088 568 3147 Rhenaui
584 3097 604 3146 t.
624 3098 672 3143 xil
690 3109 720 3165 p.
739 3097 787 3149 186
803 3109 872 3168 sqq.
890 3091 1064 3167 proposuit,
1087 3093 1120 3148 M
1134 3091 1198 3150 dixi
1216 3113 1233 3151 c
1255 3095 1304 3153 tri-

165 3188 220 3247 bus
237 3187 392 3247 codicibus
408 3189 634 3261 Ambrosianis,
652 3209 801 3268 nusquam
817 3191 898 3248 inter
914 3211 947 3249 so
964 3191 1133 3264 distinctis,
1151 3193 1305 3272 proditam

166 3290 203 3348 ab
219 3291 342 3366 Angclo
359 3292 441 3349 Maio
457 3292 566 3358 vitam,
592 3310 670 3369 qnae
689 3292 781 3349 estin
799 3312 835 3350 co
859 3292 936 3352 libro
960 3314 1049 3373 quem
1065 3296 1116 3353 ille
1132 3296 1305 3356 Mediolani

165 3413 192 3451 a.
212 3402 276 3454 18Ιό
292 3394 336 3450 sic
351 3393 528 3470 inscriptum
546 3392 661 3451 edidit:
692 3395 748 3452 ‘M.
765 3394 840 3452 Acci
856 3395 956 3454 Plauti
980 3396 1153 3473 fragmenta
1173 3398 1304 3467 inedita.

166 3495 242 3551 Item
259 3493 297 3552 ad
313 3496 348 3553 P.
365 3496 545 3554 'Ferentium
561 3498 833 3555 commentationes
851 3506 881 3555 ct
903 3499 1038 3576 picturae
1055 3497 1213 3557 ineditac'.
1245 3500 1305 3560 Vbi

167 3595 204 3653 dc
221 3595 305 3654 libris
320 3597 380 3655 illis
396 3598 440 3655 sic
455 3606 582 3657 testatus
600 3608 646 3657 cst
661 3620 691 3676 p.
704 3608 753 3662 37:
783 3599 886 3657 ‘llaec
901 3601 1040 3659 Terentii
1057 3601 1143 3674 Vita,
1167 3602 1306 3663 nondum

164 3707 284 3775 utputo
305 3700 446 3776 vulgata,
476 3709 560 3759 extat
581 3701 612 3759 in
628 3701 839 3760 Ambrosianis
863 3701 1017 3762 codicibus
1038 3705 1077 3762 D.
1094 3710 1128 3764 79
1152 3713 1182 3761 et
1199 3703 1237 3763 Ο.
1257 3713 1305 3767 109

133 3838 137 3847 ·
165 3809 243 3878 part.
267 3822 350 3879 sup,
378 3802 409 3859 in
437 3801 545 3880 quibus
567 3811 598 3860 et
626 3801 734 3861 dicitur
758 3812 902 3880 excerpta
925 3823 941 3860 e
963 3805 1168 3863 vetustissimo
1186 3805 1303 3866 codice.

164 3902 274 3960 Exstat
289 3904 360 3961 item
377 3905 408 3960 in
426 3904 530 3962 codice
546 3905 581 3962 F.
598 3911 631 3966 92
648 3913 725 3981 part.
742 3903 824 3982 sup,
847 3904 897 3963 ubi
915 3905 1088 3964 inscribitur
1103 3909 1305 3966 Prolroemr'um

165 4020 280 4073 ssorum,
302 4014 333 4062 ut
351 4006 487 4062 niminmr
505 4004 707 4082 distinguatur
724 4026 741 4063 a
757 4006 896 4064 'ferentii
912 4008 984 4066 Vita
1000 4008 1100 4069 studio
1117 4010 1305 4071 Petrarohae

167 4105 322 4184 descripta
339 4105 382 4182 (et
399 4104 493 4180 edita)
512 4127 590 4184 qnae
608 4109 638 4165 in
656 4107 765 4167 codem
787 4130 840 4166 nis.
863 4110 1000 4187 proxime
1017 4110 1247 4190 praeponitur.’
1263 4146 1306 4158 -

167 4206 309 4266 Ceterum
325 4208 604 4286 interpunctionem
617 4210 709 4270 tacite
727 4210 853 4270 correxi.
