2964 5002
596 406 639 447 nn
658 405 797 449 uuuvnrs
820 405 929 447 nnnvu
1264 388 1326 450 205

196 570 314 621 ,tortus
337 556 393 643 qui
422 569 617 617 Avsuusrus
640 554 760 618 dicitur
781 584 824 603 -=-
844 553 897 617 hic
925 561 974 616 est
1000 553 1056 638 qui
1082 560 1187 632 terro,
1212 560 1249 614 ut
1280 553 1328 615 uit

193 658 320 738 Cicero,
341 659 483 740 tegitur,
499 663 532 719 et
545 646 676 738 ἀφανὴς
690 678 710 718 a
729 655 865 720 Graecis
882 656 1077 719 nominatur.
1110 660 1201 715 tanta
1219 661 1327 715 sutem

188 757 282 845 polus
302 756 470 822 celeritate
490 756 569 821 ferri
592 755 725 839 dicitur,
747 767 783 819 nt
803 757 866 819 nisi
889 755 1047 820 aduersus
1078 755 1147 818 eius
1170 754 1327 841 praecipi-

188 873 252 923 tenr
286 880 420 923 cursum
454 869 543 922 astru
569 868 702 922 currant
739 855 850 921 mundi
886 858 1015 921 ruinam
1042 856 1175 920 facient.
1224 854 1328 918 fertur

164 963 274 1025 senim
292 963 362 1025 eius
379 982 537 1048 praeceps
549 958 737 1024 uolubilitas
752 980 849 1023 cursu
865 957 1009 1041 siderum
1024 957 1207 1044 temperari.
1229 954 1327 1043 [unde

186 1072 218 1126 et
240 1062 412 1126 Lucanus:

315 1164 496 1244 sideribus,
526 1185 608 1250 quae
630 1160 701 1227 sols
723 1162 834 1247 fugam
855 1161 1063 1226 moderantur
1083 1161 1215 1249 Olympi

315 1275 555 1351 occurruntque
577 1263 671 1351 polo,
695 1263 825 1327 diuersa
848 1263 1004 1350 potentin]

270 1452 340 1501 801.
367 1443 487 1500 natura
517 1435 593 1498 dum
621 1435 737 1519 igneus
764 1434 806 1496 sit
839 1453 917 1519 prae
951 1433 1051 1497 nimio
1075 1442 1165 1497 motu
1192 1433 1435 1507 corner-128*

186 1610 199 1661 1
218 1608 245 1658 l:
270 1604 414 1674 ‘Sphser's
432 1614 475 1657 ost
494 1607 601 1671 species
618 1607 752 1671 quaedum
768 1606 804 1655 Ιἰιι
821 1607 936 1656 rotundo
958 1607 1131 1656 conformato
1151 1607 1275 1656 omnibus
1293 1622 1327 1656 ex

186 1677 315 1744 partibus
334 1675 460 1741 aequalis
478 1690 628 1740 apparens,
650 1675 722 1724 unde
741 1674 839 1739 reliqui
858 1673 954 1723 circuli
971 1674 1108 1724 finiuntur.
1138 1675 1217 1724 huius
1234 1679 1327 1724 sutem

186 1745 324 1813 werse
337 1759 427 1808 noque
442 1746 532 1792 exitus
544 1758 632 1807 neque
646 1741 755 1791 initium
767 1746 859 1807 potest
870 1741 993 1802 definiri,
1011 1742 1074 1792 ideo
1086 1743 1156 1808 quod
1169 1744 1199 1792 in
1211 1743 1328 1794 rotundo

188 1828 280 1863 omnes
292 1819 402 1862 tructus
415 1815 444 1861 et
456 1812 538 1860 initis
551 1817 579 1860 et
591 1811 681 1860 exitus
694 1809 846 1875 significari
860 1808 993 1874 possunt’
1017 1811 1046 1859 2:
1061 1811 1111 1860 ‘De
1125 1814 1229 1860 centro.
1254 1811 1324 1861 Cen-

188 1888 254 1931 um
268 1885 324 1943 est,
338 1881 417 1929 cuius
430 1879 465 1929 sb
479 1879 559 1928 initio
572 1878 768 1928 circumductio
781 1877 916 1943 sphaerae
929 1879 1105 1942 terminatur,
1129 1894 1162 1929 sc
1174 1885 1265 1929 terrae
1278 1894 1326 1944 po·

187 1950 248 1999 sitio
261 1949 419 1999 constitute
432 1944 608 1997 declaratur.l
633 1946 663 1996 3:
681 1946 733 1994 ‘Dc
748 1945 800 1994 uxi.
824 1947 977 2008 Dimensio‚
993 1960 1063 2011 quse
1076 1948 1161 1997 totius
1173 1948 1327 1997 ostenditur

187 2016 338 2085 sphaerse,
358 2021 401 2065 est
417 2031 479 2065 curn
496 2030 530 2064 ex
546 2015 670 2080 utrisque
687 2013 812 2079 partibus
825 2015 885 2063 cius
903 2014 937 2063 sd
955 2020 1103 2064 extromum
1117 2016 1326 2065 circumductio·

186 2100 247 2135 uem
264 2091 343 2135 reete
357 2090 387 2133 nt
397 2082 524 2147 uirgulue
537 2082 734 2147 perducuntur:
752 2097 822 2146 quse
836 2082 970 2132 dimensio
984 2096 1001 2131 a
1013 2082 1198 2148 compluribus
1211 2085 1271 2133 axis
1284 2089 1327 2133 est

241 2152 339 2205 sustu.
354 2151 435 2201 huius
448 2154 540 2200 sutem
552 2151 705 2210 cacumina,
720 2150 819 2214 quibus
831 2151 949 2200 maxime
961 2150 1080 2215 sphaera
1092 2152 1198 2212 nititur,
1208 2151 1264 2217 poli
1277 2167 1325 2217 sp

187 2221 343 2285 peluntur,
361 2234 474 2284 quorum
493 2217 564 2267 ulter
582 2218 616 2267 sd
635 2217 789 2282 aquilonem
807 2223 939 2282 spectans
955 2220 1067 2282 bornus,
1092 2219 1164 2268 ulter
1184 2220 1326 2285 oppositus

187 2287 380 2338 unstrouothus
392 2292 435 2336 est
445 2284 555 2336 dictus)
573 2285 601 2334 5:
617 2287 668 2336 ‘De
678 2286 756 2351 polis.
764 2285 846 2335 Polus
859 2287 883 2335 is
896 2286 941 2352 qui
954 2286 1053 2336 boreus
1066 2286 1224 2352 appellatur
1234 2289 1326 2353 perui-

189 2356 249 2405 deri
260 2360 353 2422 potest
366 2370 487 2420 sempor:
505 2355 596 2403 notius
609 2360 701 2403 autom
713 2354 821 2403 rutione
835 2354 960 2403 dissimili
972 2369 1081 2420 sempor
1091 2361 1133 2404 est
1145 2370 1162 2403 u
1175 2362 1326 2420 conspectu

188 2432 314 2474 remotus.
333 2422 471 2473 naturalis
484 2426 576 2471 nutem
588 2421 681 2470 muudi
692 2422 776 2471 statio
787 2415 893 2486 φυσικὴ
905 2422 1010 2472 dicitnr.
1030 2437 1063 2471 en
1075 2427 1117 2472 est
1129 2423 1156 2470 in
1169 2423 1251 2472 boreo
1263 2424 1325 2488 polo

188 2492 273 2553 linito,
293 2498 323 2541 ut
337 2492 430 2541 omnia
449 2490 581 2540 edextris
593 2490 717 2555 partibus
736 2490 835 2540 exoriri
853 2491 880 2539 in
894 2491 1012 2539 sinistris
1029 2489 1155 2539 occidere
1169 2491 1324 2540 uidouutnr.

187 2566 299 2611 erorum
323 2559 395 2609 cuim
416 2563 459 2608 est
476 2557 568 2607 subita
586 2557 719 2623 quaedam
737 2558 845 2623 species
858 2558 969 2608 obiecta
982 2565 1074 2607 nostro
1088 2560 1261 2622 conspectui:
1281 2576 1325 2607 oc·

187 2643 268 2678 tusus
281 2634 375 2677 sutem
388 2627 449 2692 puri
463 2626 496 2675 do
510 2641 607 2681 catino,
625 2633 656 2674 ut
674 2631 769 2690 erepto
787 2625 822 2674 sb
841 2626 927 2675 oculis
941 2625 1022 2676 uisa!
1047 2627 1083 2675 cf.
1102 2627 1260 2676 Marcianus
1273 2628 1294 2675 C

186 2695 260 2761 pello
272 2694 414 2744 v111815.
428 2720 461 2729 -—
497 2694 587 2743 schol.
603 2695 761 2743 (icrrunnici
774 2711 798 2759 p.
812 2692 852 2743 38.
868 2693 928 2743 118:
944 2696 1079 2744 ‘Verticcs
1091 2700 1237 2755 extremos,
1250 2643 1327 2744 circ*

185 2778 252 2829 quos
261 2763 383 2828 sphoera
395 2762 467 2812 caeli
480 2761 605 2818 uoluitur,
619 2760 802 2827 poloslirucci
815 2768 1052 2827 nuncupuuorunt,
1066 2779 1080 2810 e
1092 2762 1189 2826 quibus
1201 2777 1271 2811 nnus
1284 2769 1326 2811 est

187 2830 320 2882 australis
344 2832 388 2895 qui
411 2838 504 2879 terrae
527 2830 651 2879 obiectus
675 2844 692 2878 u
714 2831 793 2879 nobis
817 2845 960 2895 numquam
988 2831 1109 2879 uidetur:
1139 2830 1210 2879 alter
1234 2837 1325 2880 utitem

187 2898 421 2966 septemtrionalis
434 2898 479 2963 qui
492 2897 590 2947 boreus
606 2905 722 2947 uocatur
739 2904 767 2947 et
788 2913 933 2963 numquam
947 2897 1066 2948 occidit'
1091 2899 1127 2947 cf.
1141 2899 1273 2963 Apuleius
1292 2899 1325 2948 de

187 2969 287 3017 mundo
303 2965 315 3014 l
329 2966 487 3016 Macrobius
506 2982 602 3014 comm.
616 2966 628 3014 1
645 2964 688 3026 lli,
702 2966 766 3014 4.-
780 2965 870 3015 schol.
887 2968 991 3017 liucau.
1005 2967 1029 3015 X
1044 2965 1105 3015 ltu:
1125 2968 1270 3017 ‘l'lunetoe
1283 2984 1324 3016 rc·

186 3036 300 3086 urrant
313 3034 483 3084 celeritatem
491 3032 608 3098 Olympi,
622 3034 698 3083 cuius
711 3035 828 3099 impet-us
840 3041 934 3084 tentus
945 3040 1027 3096 essct,
1041 3035 1110 3099 quod
1123 3040 1210 3084 totum
1222 3034 1325 3085 mcclii-

187 3118 249 3153 usm
269 3101 448 3163 dissoluant,
468 3101 519 3150 nisi
538 3101 667 3166 planctus
686 3108 782 3151 contro
800 3102 996 3152 firmamentum
1014 3103 1135 3151 nitentes
1154 3103 1325 3153 celeritatem

186 3171 261 3221 illum
282 3167 464 3220 cohiberent!
493 3168 530 3218 cl.
545 3169 700 3219 Macrobius
714 3186 808 3219 comm.
828 3172 838 3218 l
856 3169 886 3219 18
899 3173 983 3221 llurc.
999 3170 1115 3235 Capella
1128 3170 1192 3220 VIII
1204 3171 1254 3221 852
1267 3189 1325 3236 sqq.

274 3237 345 3287 128*
356 3237 514 3288 Scholiasta
524 3237 680 3286 Gorurunici
693 3255 717 3302 p.
733 3237 792 3286 luri:
809 3239 877 3288 ‘sol
890 3237 1028 3289 uuturu'
1040 3256 1063 3289 e.
1075 3256 1099 3304 q.
1111 3255 1131 3288 s.
1157 3239 1325 3289 scholiastae

189 3307 272 3356 rerba
292 3308 394 3371 repetit
407 3305 527 3355 Isidorus
539 3306 625 3370 origg.
640 3306 681 3354 lll
695 3306 735 3365 tn,
756 3307 810 3354 nisi
830 3308 899 3370 qrrod
919 3306 1036 3357 ‘nutura'
1056 3307 1167 3356 ourittit.
1182 3335 1212 3343 -
1237 3308 1324 3358 Isido-

189 3390 234 3423 rus
245 3374 281 3423 dc
294 3378 394 3423 notura
412 3388 501 3423 rorum
514 3373 563 3422 XV
570 3390 575 3421 :
592 3379 642 3422 ‘tte
657 3378 756 3422 nutura
773 3374 847 3423 solis.
873 3376 950 3424 Hauc
969 3381 1032 3424 suut
1050 3375 1135 3424 ucrlru
1148 3376 1285 3426 Ambrosii
1297 3378 1325 3425 iu

188 3442 258 3492 libro
275 3441 473 3491 herucmerou:
496 3441 594 3501 Solem,
609 3442 712 3506 inquit,
730 3442 884 3507 philosophi
898 3451 1001 3507 ungunt
1013 3444 1121 3494 calidae
1136 3459 1195 3492 esse
1209 3451 1325 3494 uuturuc

188 3511 305 3576 eoquod
319 3509 398 3559 nlbus
411 3511 447 3558 sit
465 3524 519 3559 uon
531 3508 697 3560 rubicundus
711 3517 758 3558 aut
770 3510 867 3558 rutilus
881 3511 907 3559 iu
920 3512 1037 3575 sprec-ivm
1055 3510 1128 3577 ignis
1141 3518 1168 3559 et
1181 3512 1242 3561 idco
1255 3514 1325 3577 quod

274 3675 286 3725 l
304 3665 410 3724 nocius
427 3661 462 3721 A*
483 3663 610 3723 uoctlms
631 3661 666 3722 ΛΨ
683 3665 792 3723 nothus
815 3668 840 3722 B
855 3674 943 3724 notus
961 3668 982 3721 0
1004 3659 1017 3746 ΙΙ
1038 3676 1147 3726 terram
1168 3676 1201 3725 ut
1216 3668 1258 3727 ait
1275 3667 1326 3728 Ci-

187 3771 258 3809 cero
274 3751 385 3827 tegitur
404 3747 438 3807 ,4¹
455 3759 534 3808 terre
546 3752 657 3826 tegitur
671 3761 703 3809 ut
719 3753 760 3809 sit
772 3749 880 3809 Cicero
897 3760 977 3809 terro
988 3753 1099 3828 tegitur
1114 3756 1141 3811 B
1156 3762 1264 3812 terrum
1279 3766 1323 3812 te-

186 3838 267 3913 gitur
283 3846 315 3893 ut
331 3836 373 3893 sit
391 3834 501 3894 Cicero
517 3844 596 3892 terra
610 3836 721 3911 tegitur
739 3835 776 3892 Al
791 3846 872 3894 terra
889 3838 1000 3912 tegitur
1011 3848 1043 3895 ut
1060 3839 1102 3896 uit
1118 3838 1224 3896 Cicero
1242 3842 1264 3895 ⁰
1279 3834 1292 3921 Η
1308 3848 1324 3898 2

187 3924 243 3979 (ἵε.
255 3923 364 3996 sruym.
381 3925 435 3977 inc.
448 3923 511 3977 libr.
526 3921 577 3976 HI
588 3928 621 3978 15
633 3940 667 3993 p.
685 3930 744 3978 550
757 3924 841 3979 Orell.
855 3924 892 3995 rs.
907 3924 961 3978 Cic.
975 3924 1057 3978 Tusr.
1073 3925 1090 3979 1
1098 3930 1133 3980 29
1149 3920 1162 4003 ΙΙ
1178 3926 1267 3982 usaue
1277 3921 1324 4006 lsa

185 4007 317 4065 Asianis
331 4007 358 4063 B
370 4007 478 4064 sursera
491 4007 512 4063 0
529 4002 542 4082 {l
556 4006 711 4084 3populus
723 4003 756 4063 Α1
775 4001 787 4086 ΙΙ
804 4005 996 4064 aduersarius
1012 4010 1037 4064 B
1051 4002 1064 4088 Η
1080 4006 1266 4087 precipio-utu
1278 4006 1322 4090 ll!

186 4095 362 4154 tcurreutA
376 4086 389 4171 l}
405 4093 526 4150 ruiusB
539 4087 552 4170 fl
568 4088 723 4149 ἲιιοὶιιιιῑΑ1
734 4089 851 4148 lucitA²
868 4087 880 4172 ll
896 4090 1298 4171 fertur—tornperuriom.A¹
1310 4100 1320 4172 l
1380 4128 1384 4140 ·

185 4177 277 4240 {scius
293 4198 348 4234 om.
367 4172 405 4234 „4²
420 4172 433 4257 ΙΙ
450 4195 568 4234 cursum
585 4173 622 4233 Α2
637 4173 650 4256 ll
667 4177 818 4236 srlucuuus
831 4176 948 4234 locutus
964 4186 1010 4235 est
1031 4173 1081 4258 ΒΗ
1099 4181 1205 4235 Lucrm.
1220 4181 1324 4235 Plrurs.

186 4266 218 4320 X
233 4269 282 4320 rut
296 4258 340 4343 ΙΙῚ
358 4260 460 4321 sideru
479 4263 506 4318 B
521 4258 534 4341 ll
548 4261 629 4341 qnod
650 4258 700 4340 ΒΗ
717 4260 818 4338 olimpi
839 4264 892 4318 AB
910 4257 923 4341 ll
943 4276 960 4322 tl
980 4262 1101 4319 ‹liuorsu
1117 4265 1142 4317 B
1156 4257 1169 4342 ll
1185 4253 1326 4339 poteucla

186 4348 214 4406 c
227 4368 315 4407 cursu
328 4352 353 4406 A
367 4347 512 4427 potencia
524 4366 612 4405 cursu
627 4350 652 4404 B
665 4345 801 4424 potentin
813 4347 908 4424 prima
924 4347 1029 4406 Mundi
1041 4348 1110 4422 legc
1126 4346 1198 4404 dato
1210 4358 1256 4405 cst
1268 4350 1324 4406 Lu·

184 4453 247 4492 cuu.
264 4439 350 4494 Areo.
366 4432 380 4515 ᾖ
395 4443 413 4497 9
429 4442 540 4491 nature
560 4437 679 4506 scripsi:
700 4434 817 4491 interea
840 4435 933 4490 Bulrle
