<?xml version="1.0" encoding="UTF-8"?>
<!DOCTYPE html PUBLIC "-//W3C//DTD XHTML 1.0 Transitional//EN"
    "http://www.w3.org/TR/xhtml1/DTD/xhtml1-transitional.dtd">
<html xmlns="http://www.w3.org/1999/xhtml" xml:lang="en" lang="en">
 <head>
  <title>
</title>
<meta http-equiv="Content-Type" content="text/html;charset=utf-8" />
  <meta name='ocr-system' content='tesseract 3.04.00' />
  <meta name='ocr-capabilities' content='ocr_page ocr_carea ocr_par ocr_line ocrx_word'/>
</head>
<body>
  <div class='ocr_page' id='page_1' title='image "./csvetonitranqvi00ritsgoog_0026.png"; bbox 0 0 2964 5002; ppageno 0'>
   <div class='ocr_carea' id='block_1_1' title="bbox 516 402 525 435">
    <p class='ocr_par' dir='ltr' id='par_1_1' title="bbox 516 402 525 435">
     <span class='ocr_line' id='line_1_1' title="bbox 516 402 525 435; baseline 0 0"><span class='ocrx_word' id='word_1_1' title='bbox 516 402 525 435; x_wconf 80' lang='lat' dir='ltr'><strong>i</strong></span> 
     </span>
    </p>
   </div>
   <div class='ocr_carea' id='block_1_2' title="bbox 622 423 1269 471">
    <p class='ocr_par' dir='ltr' id='par_1_2' title="bbox 622 423 1269 471">
     <span class='ocr_line' id='line_1_2' title="bbox 622 423 1269 471; baseline 0.008 -5"><span class='ocrx_word' id='word_1_2' title='bbox 622 423 780 468; x_wconf 67' lang='lat' dir='ltr'><strong>nunnus</strong></span> <span class='ocrx_word' id='word_1_3' title='bbox 1172 429 1269 471; x_wconf 84' lang='lat' dir='ltr'>XVIIII</span> 
     </span>
    </p>
   </div>
   <div class='ocr_carea' id='block_1_3' title="bbox 112 562 1284 4552">
    <p class='ocr_par' dir='ltr' id='par_1_3' title="bbox 112 562 1274 2666">
     <span class='ocr_line' id='line_1_3' title="bbox 112 562 1267 644; baseline 0.005 -21"><span class='ocrx_word' id='word_1_4' title='bbox 112 586 207 623; x_wconf 74' lang='grc' dir='ltr'><strong><em>σαντα</em></strong></span> <span class='ocrx_word' id='word_1_5' title='bbox 224 573 266 622; x_wconf 86' lang='lat' dir='ltr'><strong>sie</strong></span> <span class='ocrx_word' id='word_1_6' title='bbox 290 571 366 622; x_wconf 79' lang='lat' dir='ltr'><strong>edit:</strong></span> <span class='ocrx_word' id='word_1_7' title='bbox 400 562 600 637; x_wconf 72' lang='grc' dir='ltr'><strong>Ἀριστοφάνης</strong></span> <span class='ocrx_word' id='word_1_8' title='bbox 623 565 656 623; x_wconf 84' lang='grc' dir='ltr'><strong>έν</strong></span> <span class='ocrx_word' id='word_1_9' title='bbox 678 573 716 639; x_wconf 80' lang='grc' dir='ltr'><strong>τῷ</strong></span> <span class='ocrx_word' id='word_1_10' title='bbox 737 572 894 640; x_wconf 79' lang='grc' dir='ltr'><strong><em>συγγενικῷ</em></strong></span> <span class='ocrx_word' id='word_1_11' title='bbox 912 574 1031 637; x_wconf 87' lang='lat' dir='ltr'><strong>(Nauck.</strong></span> <span class='ocrx_word' id='word_1_12' title='bbox 1053 591 1080 641; x_wconf 91' lang='lat' dir='ltr'><strong>p.</strong></span> <span class='ocrx_word' id='word_1_13' title='bbox 1106 575 1177 644; x_wconf 81' lang='lat'><strong>130).</strong></span> <span class='ocrx_word' id='word_1_14' title='bbox 1212 578 1267 629; x_wconf 83' lang='lat' dir='ltr'><strong>&#39;ad-</strong></span> 
     </span>
     <span class='ocr_line' id='line_1_4' title="bbox 112 647 1268 722; baseline 0.007 -18"><span class='ocrx_word' id='word_1_15' title='bbox 112 662 198 721; x_wconf 81' lang='lat' dir='ltr'><strong>paret</strong></span> <span class='ocrx_word' id='word_1_16' title='bbox 214 656 300 720; x_wconf 77' lang='lat' dir='ltr'><strong>igitur</strong></span> <span class='ocrx_word' id='word_1_17' title='bbox 318 647 492 721; x_wconf 77' lang='grc' dir='ltr'><strong><em>συγγενικόν</em></strong></span> <span class='ocrx_word' id='word_1_18' title='bbox 509 657 718 720; x_wconf 88' lang='lat' dir='ltr'><strong>dispescendum</strong></span> <span class='ocrx_word' id='word_1_19' title='bbox 732 672 793 708; x_wconf 85' lang='lat' dir='ltr'><strong>esse</strong></span> <span class='ocrx_word' id='word_1_20' title='bbox 813 672 830 706; x_wconf 94' lang='lat' dir='ltr'><strong>a</strong></span> <span class='ocrx_word' id='word_1_21' title='bbox 842 648 1008 722; x_wconf 73' lang='grc' dir='ltr'><strong><em>Καισάρων,</em></strong></span> <span class='ocrx_word' id='word_1_22' title='bbox 1029 672 1080 721; x_wconf 89' lang='lat' dir='ltr'><strong>quo</strong></span> <span class='ocrx_word' id='word_1_23' title='bbox 1096 659 1171 710; x_wconf 88' lang='lat' dir='ltr'><strong>iacto</strong></span> <span class='ocrx_word' id='word_1_24' title='bbox 1190 675 1268 712; x_wconf 89' lang='lat' dir='ltr'><strong>suum</strong></span> 
     </span>
     <span class='ocr_line' id='line_1_5' title="bbox 114 732 1268 811; baseline 0.006 -22"><span class='ocrx_word' id='word_1_25' title='bbox 114 740 208 805; x_wconf 82' lang='lat' dir='ltr'><strong>pratis</strong></span> <span class='ocrx_word' id='word_1_26' title='bbox 224 745 311 804; x_wconf 85' lang='lat' dir='ltr'><strong>capnt</strong></span> <span class='ocrx_word' id='word_1_27' title='bbox 329 740 496 790; x_wconf 74' lang='lat' dir='ltr'><strong>restituitur.</strong></span> <span class='ocrx_word' id='word_1_28' title='bbox 533 754 603 805; x_wconf 91' lang='lat' dir='ltr'><strong>quae</strong></span> <span class='ocrx_word' id='word_1_29' title='bbox 623 746 715 791; x_wconf 89' lang='lat' dir='ltr'><strong>antem</strong></span> <span class='ocrx_word' id='word_1_30' title='bbox 733 746 890 791; x_wconf 85' lang='lat' dir='ltr'><strong>remanent:</strong></span> <span class='ocrx_word' id='word_1_31' title='bbox 922 732 1126 806; x_wconf 86' lang='grc' dir='ltr'><strong><em>Καισάρων-</em></strong></span> <span class='ocrx_word' id='word_1_32' title='bbox 1143 739 1268 811; x_wconf 73' lang='grc' dir='ltr'><strong>περιέχει</strong></span> 
     </span>
     <span class='ocr_line' id='line_1_6' title="bbox 115 815 1268 894; baseline 0.003 -20"><span class='ocrx_word' id='word_1_33' title='bbox 115 818 153 875; x_wconf 75' lang='lat' dir='ltr'><strong>at</strong></span> <span class='ocrx_word' id='word_1_34' title='bbox 170 822 251 890; x_wconf 77' lang='grc' dir='ltr'><strong><em>βίους</em></strong></span> <span class='ocrx_word' id='word_1_35' title='bbox 269 821 320 876; x_wconf 84' lang='grc' dir='ltr'><strong>καλ</strong></span> <span class='ocrx_word' id='word_1_36' title='bbox 339 816 482 890; x_wconf 81' lang='grc' dir='ltr'><strong><em>διαδοχάς</em></strong></span> <span class='ocrx_word' id='word_1_37' title='bbox 494 815 589 876; x_wconf 77' lang='grc' dir='ltr'><strong><em>αὐτῶν</em></strong></span> <span class='ocrx_word' id='word_1_38' title='bbox 606 817 663 876; x_wconf 80' lang='grc' dir='ltr'><strong>άπὸ</strong></span> <span class='ocrx_word' id='word_1_39' title='bbox 679 817 799 876; x_wconf 83' lang='grc' dir='ltr'><strong><em>Ἰουλίου</em></strong></span> <span class='ocrx_word' id='word_1_40' title='bbox 826 819 878 883; x_wconf 70' lang='grc' dir='ltr'><strong>ἕως</strong></span> <span class='ocrx_word' id='word_1_41' title='bbox 891 823 1115 890; x_wconf 81' lang='grc' dir='ltr'><strong><em>Δομετιανοῦ-</em></strong></span> <span class='ocrx_word' id='word_1_42' title='bbox 1128 821 1268 894; x_wconf 76' lang='grc' dir='ltr'><strong><em>βιβλίαή’</em></strong></span> 
     </span>
     <span class='ocr_line' id='line_1_7' title="bbox 117 904 1269 975; baseline 0.003 -18"><span class='ocrx_word' id='word_1_43' title='bbox 117 910 230 958; x_wconf 84' lang='lat' dir='ltr'><strong>intacta</strong></span> <span class='ocrx_word' id='word_1_44' title='bbox 247 907 432 973; x_wconf 83' lang='lat' dir='ltr'><strong>relinquenda</strong></span> <span class='ocrx_word' id='word_1_45' title='bbox 449 914 525 971; x_wconf 62' lang='lat' dir='ltr'><strong>suntt</strong></span> <span class='ocrx_word' id='word_1_46' title='bbox 549 909 603 959; x_wconf 92' lang='lat' dir='ltr'><strong>nisi</strong></span> <span class='ocrx_word' id='word_1_47' title='bbox 625 909 697 975; x_wconf 87' lang='lat' dir='ltr'><strong>quod</strong></span> <span class='ocrx_word' id='word_1_48' title='bbox 721 926 736 959; x_wconf 88' lang='lat' dir='ltr'><strong>e</strong></span> <span class='ocrx_word' id='word_1_49' title='bbox 759 910 897 973; x_wconf 88' lang='lat' dir='ltr'><strong>scriptura</strong></span> <span class='ocrx_word' id='word_1_50' title='bbox 915 909 1043 958; x_wconf 87' lang='lat' dir='ltr'><strong>Vossiani</strong></span> <span class='ocrx_word' id='word_1_51' title='bbox 1065 908 1130 958; x_wconf 89' lang='lat' dir='ltr'>libri</span> <span class='ocrx_word' id='word_1_52' title='bbox 1153 908 1203 961; x_wconf 87' lang='grc' dir='ltr'><strong><em>κοιλ</em></strong></span> <span class='ocrx_word' id='word_1_53' title='bbox 1221 904 1269 961; x_wconf 90' lang='grc' dir='ltr'><strong>σά-</strong></span> 
     </span>
     <span class='ocr_line' id='line_1_8' title="bbox 118 985 1268 1060; baseline 0.001 -18"><span class='ocrx_word' id='word_1_54' title='bbox 118 999 193 1056; x_wconf 82' lang='grc' dir='ltr'><strong><em>ρωνῖ</em></strong></span> <span class='ocrx_word' id='word_1_55' title='bbox 209 1009 271 1042; x_wconf 90' lang='lat' dir='ltr'><strong>cnm</strong></span> <span class='ocrx_word' id='word_1_56' title='bbox 287 992 471 1057; x_wconf 84' lang='lat' dir='ltr'><strong>Bemhardyo</strong></span> <span class='ocrx_word' id='word_1_57' title='bbox 487 985 641 1058; x_wconf 72' lang='grc' dir='ltr'><strong><em>Καισάρων</em></strong></span> <span class='ocrx_word' id='word_1_58' title='bbox 663 985 700 1059; x_wconf 77' lang='grc' dir='ltr'><strong>ιβ’</strong></span> <span class='ocrx_word' id='word_1_59' title='bbox 724 992 900 1042; x_wconf 81' lang='lat' dir='ltr'><strong>efficiendum</strong></span> <span class='ocrx_word' id='word_1_60' title='bbox 924 998 952 1042; x_wconf 89' lang='lat' dir='ltr'><strong>et</strong></span> <span class='ocrx_word' id='word_1_61' title='bbox 973 1007 1022 1056; x_wconf 89' lang='lat' dir='ltr'><strong>pro</strong></span> <span class='ocrx_word' id='word_1_62' title='bbox 1044 989 1094 1042; x_wconf 87' lang='grc' dir='ltr'><strong>καλ</strong></span> <span class='ocrx_word' id='word_1_63' title='bbox 1118 985 1268 1060; x_wconf 77' lang='grc' dir='ltr'><strong><em>διαδοχάς,</em></strong></span> 
     </span>
     <span class='ocr_line' id='line_1_9' title="bbox 119 1067 1270 1142; baseline 0.003 -17"><span class='ocrx_word' id='word_1_64' title='bbox 119 1077 195 1141; x_wconf 82' lang='lat' dir='ltr'><strong>quod</strong></span> <span class='ocrx_word' id='word_1_65' title='bbox 212 1076 294 1126; x_wconf 89' lang='lat' dir='ltr'><strong>nihili</strong></span> <span class='ocrx_word' id='word_1_66' title='bbox 312 1092 375 1127; x_wconf 88' lang='lat' dir='ltr'><strong>esse</strong></span> <span class='ocrx_word' id='word_1_67' title='bbox 394 1078 500 1127; x_wconf 89' lang='lat' dir='ltr'><strong>monuit</strong></span> <span class='ocrx_word' id='word_1_68' title='bbox 511 1077 686 1141; x_wconf 83' lang='lat' dir='ltr'><strong>Ritschelius,</strong></span> <span class='ocrx_word' id='word_1_69' title='bbox 707 1069 781 1128; x_wconf 84' lang='grc' dir='ltr'><strong><em>κατά</em></strong></span> <span class='ocrx_word' id='word_1_70' title='bbox 795 1067 936 1141; x_wconf 76' lang='grc' dir='ltr'><strong><em>διαδοχάς</em></strong></span> <span class='ocrx_word' id='word_1_71' title='bbox 949 1077 1134 1140; x_wconf 89' lang='lat' dir='ltr'><strong>reponendum</strong></span> <span class='ocrx_word' id='word_1_72' title='bbox 1148 1083 1197 1140; x_wconf 89' lang='lat' dir='ltr'><strong>est,</strong></span> <span class='ocrx_word' id='word_1_73' title='bbox 1218 1092 1270 1142; x_wconf 89' lang='lat' dir='ltr'><strong>quo</strong></span> 
     </span>
     <span class='ocr_line' id='line_1_10' title="bbox 120 1155 1269 1229; baseline 0.002 -19"><span class='ocrx_word' id='word_1_74' title='bbox 120 1162 210 1211; x_wconf 82' lang='lat' dir='ltr'><strong>rerba</strong></span> <span class='ocrx_word' id='word_1_75' title='bbox 228 1162 395 1227; x_wconf 86' lang='lat' dir='ltr'><strong>interposita</strong></span> <span class='ocrx_word' id='word_1_76' title='bbox 413 1155 538 1227; x_wconf 74' lang='grc' dir='ltr'><strong><em>περιέχει</em></strong></span> <span class='ocrx_word' id='word_1_77' title='bbox 558 1179 581 1212; x_wconf 89' lang='lat' dir='ltr'><strong>e.</strong></span> <span class='ocrx_word' id='word_1_78' title='bbox 601 1178 626 1229; x_wconf 89' lang='lat' dir='ltr'><strong>q.</strong></span> <span class='ocrx_word' id='word_1_79' title='bbox 645 1178 667 1213; x_wconf 88' lang='lat' dir='ltr'><strong>s.</strong></span> <span class='ocrx_word' id='word_1_80' title='bbox 692 1161 773 1212; x_wconf 89' lang='lat' dir='ltr'><strong>simul</strong></span> <span class='ocrx_word' id='word_1_81' title='bbox 797 1175 845 1210; x_wconf 92' lang='lat' dir='ltr'><strong>cur</strong></span> <span class='ocrx_word' id='word_1_82' title='bbox 869 1160 1014 1210; x_wconf 89' lang='lat' dir='ltr'><strong>Suetonius</strong></span> <span class='ocrx_word' id='word_1_83' title='bbox 1037 1161 1181 1211; x_wconf 83' lang='lat' dir='ltr'><strong>duodecim</strong></span> <span class='ocrx_word' id='word_1_84' title='bbox 1199 1162 1269 1213; x_wconf 87' lang='lat' dir='ltr'><strong>Cae·</strong></span> 
     </span>
     <span class='ocr_line' id='line_1_11' title="bbox 122 1244 1271 1313; baseline 0.002 -18"><span class='ocrx_word' id='word_1_85' title='bbox 122 1260 215 1295; x_wconf 79' lang='lat' dir='ltr'><strong>aarum</strong></span> <span class='ocrx_word' id='word_1_86' title='bbox 232 1247 308 1296; x_wconf 82' lang='lat' dir='ltr'><strong>ritas</strong></span> <span class='ocrx_word' id='word_1_87' title='bbox 326 1250 391 1296; x_wconf 90' lang='lat' dir='ltr'><strong>octo</strong></span> <span class='ocrx_word' id='word_1_88' title='bbox 415 1244 495 1296; x_wconf 89' lang='lat' dir='ltr'><strong>libris</strong></span> <span class='ocrx_word' id='word_1_89' title='bbox 513 1246 745 1312; x_wconf 76' lang='lat' dir='ltr'><strong>conprehenderit</strong></span> <span class='ocrx_word' id='word_1_90' title='bbox 763 1250 910 1311; x_wconf 84' lang='lat' dir='ltr'><strong>exponant.</strong></span> <span class='ocrx_word' id='word_1_91' title='bbox 945 1250 1067 1313; x_wconf 84' lang='lat' dir='ltr'><strong>ceterum</strong></span> <span class='ocrx_word' id='word_1_92' title='bbox 1086 1247 1172 1297; x_wconf 89' lang='lat' dir='ltr'><strong>etiam</strong></span> <span class='ocrx_word' id='word_1_93' title='bbox 1190 1247 1271 1297; x_wconf 89' lang='lat' dir='ltr'><strong>huius</strong></span> 
     </span>
     <span class='ocr_line' id='line_1_12' title="bbox 123 1329 1270 1398; baseline 0.003 -20"><span class='ocrx_word' id='word_1_94' title='bbox 123 1330 188 1379; x_wconf 86' lang='lat' dir='ltr'><strong>libri</strong></span> <span class='ocrx_word' id='word_1_95' title='bbox 201 1330 335 1394; x_wconf 88' lang='lat' dir='ltr'><strong>optimum</strong></span> <span class='ocrx_word' id='word_1_96' title='bbox 348 1329 458 1379; x_wconf 89' lang='lat' dir='ltr'><strong>titulum</strong></span> <span class='ocrx_word' id='word_1_97' title='bbox 470 1331 692 1396; x_wconf 75' lang='lat' dir='ltr'><strong>recuperavimus</strong></span> <span class='ocrx_word' id='word_1_98' title='bbox 704 1331 806 1380; x_wconf 87' lang='lat' dir='ltr'><strong>hunce:</strong></span> <span class='ocrx_word' id='word_1_99' title='bbox 836 1329 1001 1378; x_wconf 80' lang='lat' dir='ltr'><strong>‘Caesarum</strong></span> <span class='ocrx_word' id='word_1_100' title='bbox 1014 1329 1077 1379; x_wconf 87' lang='lat' dir='ltr'><strong>libri</strong></span> <span class='ocrx_word' id='word_1_101' title='bbox 1090 1330 1177 1386; x_wconf 82' lang='lat' dir='ltr'><strong>octo‚’</strong></span> <span class='ocrx_word' id='word_1_102' title='bbox 1199 1346 1270 1398; x_wconf 88' lang='lat' dir='ltr'><strong>quae</strong></span> 
     </span>
     <span class='ocr_line' id='line_1_13' title="bbox 124 1409 1271 1481; baseline 0.003 -18"><span class='ocrx_word' id='word_1_103' title='bbox 124 1429 185 1464; x_wconf 87' lang='lat' dir='ltr'><strong>curn</strong></span> <span class='ocrx_word' id='word_1_104' title='bbox 203 1415 244 1464; x_wconf 86' lang='lat' dir='ltr'><strong>ita</strong></span> <span class='ocrx_word' id='word_1_105' title='bbox 262 1415 334 1475; x_wconf 88' lang='lat' dir='ltr'><strong>sint,</strong></span> <span class='ocrx_word' id='word_1_106' title='bbox 354 1430 410 1464; x_wconf 93' lang='lat' dir='ltr'><strong>non</strong></span> <span class='ocrx_word' id='word_1_107' title='bbox 428 1415 560 1464; x_wconf 89' lang='lat' dir='ltr'><strong>audacior</strong></span> <span class='ocrx_word' id='word_1_108' title='bbox 578 1429 640 1465; x_wconf 89' lang='lat' dir='ltr'><strong>esse</strong></span> <span class='ocrx_word' id='word_1_109' title='bbox 658 1415 766 1472; x_wconf 82' lang='lat' dir='ltr'><strong>videor,</strong></span> <span class='ocrx_word' id='word_1_110' title='bbox 789 1415 813 1464; x_wconf 91' lang='lat' dir='ltr'><strong>si</strong></span> <span class='ocrx_word' id='word_1_111' title='bbox 832 1415 916 1464; x_wconf 88' lang='lat' dir='ltr'><strong>etiam</strong></span> <span class='ocrx_word' id='word_1_112' title='bbox 940 1419 1034 1463; x_wconf 87' lang='lat' dir='ltr'><strong>cetera</strong></span> <span class='ocrx_word' id='word_1_113' title='bbox 1056 1409 1158 1477; x_wconf 76' lang='grc' dir='ltr'><strong><em>λέξεων</em></strong></span> <span class='ocrx_word' id='word_1_114' title='bbox 1176 1417 1271 1481; x_wconf 86' lang='lat' dir='ltr'><strong>capita</strong></span> 
     </span>
     <span class='ocr_line' id='line_1_14' title="bbox 124 1498 1270 1570; baseline 0.003 -22"><span class='ocrx_word' id='word_1_115' title='bbox 124 1513 196 1562; x_wconf 82' lang='lat' dir='ltr'><strong>qnae</strong></span> <span class='ocrx_word' id='word_1_116' title='bbox 214 1498 296 1548; x_wconf 84' lang='lat' dir='ltr'><strong>nobis</strong></span> <span class='ocrx_word' id='word_1_117' title='bbox 315 1502 382 1548; x_wconf 89' lang='lat' dir='ltr'><strong>nota</strong></span> <span class='ocrx_word' id='word_1_118' title='bbox 399 1504 463 1549; x_wconf 92' lang='lat' dir='ltr'><strong>sunt</strong></span> <span class='ocrx_word' id='word_1_119' title='bbox 479 1499 683 1565; x_wconf 69' lang='lat' dir='ltr'><strong>Aristophanen</strong></span> <span class='ocrx_word' id='word_1_120' title='bbox 701 1515 718 1549; x_wconf 89' lang='lat' dir='ltr'><strong>a</strong></span> <span class='ocrx_word' id='word_1_121' title='bbox 734 1498 895 1563; x_wconf 80' lang='lat' dir='ltr'><strong>Tranquillo</strong></span> <span class='ocrx_word' id='word_1_122' title='bbox 918 1499 948 1547; x_wconf 91' lang='lat' dir='ltr'><strong>in</strong></span> <span class='ocrx_word' id='word_1_123' title='bbox 965 1499 1053 1563; x_wconf 87' lang='lat' dir='ltr'><strong>pratis</strong></span> <span class='ocrx_word' id='word_1_124' title='bbox 1072 1499 1205 1570; x_wconf 82' lang='lat' dir='ltr'><strong>imitando</strong></span> <span class='ocrx_word' id='word_1_125' title='bbox 1224 1517 1270 1551; x_wconf 83' lang='lat' dir='ltr'><strong>ex-</strong></span> 
     </span>
     <span class='ocr_line' id='line_1_15' title="bbox 126 1573 1272 1649; baseline 0.004 -17"><span class='ocrx_word' id='word_1_126' title='bbox 126 1599 221 1648; x_wconf 80' lang='lat' dir='ltr'><strong>pressa</strong></span> <span class='ocrx_word' id='word_1_127' title='bbox 240 1598 303 1633; x_wconf 90' lang='lat' dir='ltr'><strong>esse</strong></span> <span class='ocrx_word' id='word_1_128' title='bbox 320 1584 456 1648; x_wconf 86' lang='lat' dir='ltr'><strong>suspicor.</strong></span> <span class='ocrx_word' id='word_1_129' title='bbox 493 1588 556 1633; x_wconf 85' lang='lat' dir='ltr'><strong>sunt</strong></span> <span class='ocrx_word' id='word_1_130' title='bbox 579 1588 671 1634; x_wconf 90' lang='lat' dir='ltr'><strong>autem</strong></span> <span class='ocrx_word' id='word_1_131' title='bbox 692 1583 763 1633; x_wconf 88' lang='lat' dir='ltr'><strong>haec</strong></span> <span class='ocrx_word' id='word_1_132' title='bbox 786 1584 852 1633; x_wconf 85' lang='lat' dir='ltr'><strong>duo:</strong></span> <span class='ocrx_word' id='word_1_133' title='bbox 888 1580 953 1647; x_wconf 79' lang='grc' dir='ltr'><strong><em>περὶ</em></strong></span> <span class='ocrx_word' id='word_1_134' title='bbox 980 1573 1137 1648; x_wconf 79' lang='grc' dir='ltr'><strong><em>ὀνομασίας</em></strong></span> <span class='ocrx_word' id='word_1_135' title='bbox 1155 1573 1272 1649; x_wconf 79' lang='grc' dir='ltr'><strong><em>ἡλικιῶν</em></strong></span> 
     </span>
     <span class='ocr_line' id='line_1_16' title="bbox 126 1659 1272 1735; baseline 0.004 -19"><span class='ocrx_word' id='word_1_136' title='bbox 126 1674 154 1717; x_wconf 86' lang='lat' dir='ltr'><strong>et</strong></span> <span class='ocrx_word' id='word_1_137' title='bbox 169 1665 236 1732; x_wconf 75' lang='grc' dir='ltr'><strong><em>περὶ</em></strong></span> <span class='ocrx_word' id='word_1_138' title='bbox 255 1660 494 1735; x_wconf 70' lang='grc' dir='ltr'><strong><em>προσφωνήσεων.</em></strong></span> <span class='ocrx_word' id='word_1_139' title='bbox 527 1659 650 1727; x_wconf 79' lang='grc' dir='ltr'><strong><em>Ἀττικάς</em></strong></span> <span class='ocrx_word' id='word_1_140' title='bbox 673 1669 746 1717; x_wconf 86' lang='lat' dir='ltr'><strong>enim</strong></span> <span class='ocrx_word' id='word_1_141' title='bbox 768 1667 960 1733; x_wconf 78' lang='lat' dir='ltr'><strong>Aristophanis</strong></span> <span class='ocrx_word' id='word_1_142' title='bbox 985 1673 1013 1718; x_wconf 90' lang='lat' dir='ltr'><strong>et</strong></span> <span class='ocrx_word' id='word_1_143' title='bbox 1036 1660 1205 1727; x_wconf 83' lang='grc' dir='ltr'><strong><em>Λακωνικὰς</em></strong></span> <span class='ocrx_word' id='word_1_144' title='bbox 1228 1663 1272 1722; x_wconf 82' lang='grc' dir='ltr'><strong>λέ·</strong></span> 
     </span>
     <span class='ocr_line' id='line_1_17' title="bbox 124 1750 1271 1819; baseline -0.001 -16"><span class='ocrx_word' id='word_1_145' title='bbox 124 1750 183 1816; x_wconf 84' lang='grc' dir='ltr'><strong><em>ξεις</em></strong></span> <span class='ocrx_word' id='word_1_146' title='bbox 195 1753 318 1803; x_wconf 87' lang='lat' dir='ltr'><strong>Latinus</strong></span> <span class='ocrx_word' id='word_1_147' title='bbox 336 1753 532 1819; x_wconf 83' lang='lat' dir='ltr'><strong>grammaticus</strong></span> <span class='ocrx_word' id='word_1_148' title='bbox 550 1769 605 1803; x_wconf 90' lang='lat' dir='ltr'><strong>non</strong></span> <span class='ocrx_word' id='word_1_149' title='bbox 622 1759 733 1819; x_wconf 88' lang='lat' dir='ltr'><strong>poterat</strong></span> <span class='ocrx_word' id='word_1_150' title='bbox 750 1753 863 1802; x_wconf 88' lang='lat' dir='ltr'><strong>imitari.</strong></span> <span class='ocrx_word' id='word_1_151' title='bbox 893 1752 1081 1803; x_wconf 88' lang='lat' dir='ltr'><strong>Suetonianae</strong></span> <span class='ocrx_word' id='word_1_152' title='bbox 1100 1759 1193 1803; x_wconf 88' lang='lat' dir='ltr'><strong>autem</strong></span> <span class='ocrx_word' id='word_1_153' title='bbox 1211 1753 1271 1802; x_wconf 89' lang='lat' dir='ltr'><strong>imi-</strong></span> 
     </span>
     <span class='ocr_line' id='line_1_18' title="bbox 126 1836 1271 1910; baseline 0.003 -25"><span class='ocrx_word' id='word_1_154' title='bbox 126 1837 243 1886; x_wconf 79' lang='lat' dir='ltr'><strong>tationis</strong></span> <span class='ocrx_word' id='word_1_155' title='bbox 262 1837 399 1887; x_wconf 87' lang='lat' dir='ltr'><strong>rationem</strong></span> <span class='ocrx_word' id='word_1_156' title='bbox 417 1837 490 1887; x_wconf 87' lang='lat' dir='ltr'><strong>hanc</strong></span> <span class='ocrx_word' id='word_1_157' title='bbox 508 1837 593 1887; x_wconf 85' lang='lat' dir='ltr'><strong>fuisse</strong></span> <span class='ocrx_word' id='word_1_158' title='bbox 613 1839 721 1888; x_wconf 89' lang='lat' dir='ltr'><strong>conicio</strong></span> <span class='ocrx_word' id='word_1_159' title='bbox 739 1844 770 1887; x_wconf 90' lang='lat' dir='ltr'><strong>ut</strong></span> <span class='ocrx_word' id='word_1_160' title='bbox 788 1853 849 1887; x_wconf 89' lang='lat' dir='ltr'><strong>cnm</strong></span> <span class='ocrx_word' id='word_1_161' title='bbox 868 1836 983 1910; x_wconf 59' lang='lat' dir='ltr'><strong>Graecis</strong></span> <span class='ocrx_word' id='word_1_162' title='bbox 1002 1837 1145 1888; x_wconf 88' lang='lat' dir='ltr'><strong>vocabulis</strong></span> <span class='ocrx_word' id='word_1_163' title='bbox 1165 1839 1199 1888; x_wconf 90' lang='lat' dir='ltr'><strong>ab</strong></span> <span class='ocrx_word' id='word_1_164' title='bbox 1211 1839 1271 1889; x_wconf 86' lang='lat' dir='ltr'><strong>Ari-</strong></span> 
     </span>
     <span class='ocr_line' id='line_1_19' title="bbox 125 1921 1272 1987; baseline 0.001 -15"><span class='ocrx_word' id='word_1_165' title='bbox 125 1921 264 1987; x_wconf 83' lang='lat' dir='ltr'><strong>stophane</strong></span> <span class='ocrx_word' id='word_1_166' title='bbox 283 1921 433 1987; x_wconf 85' lang='lat' dir='ltr'><strong>explicatis</strong></span> <span class='ocrx_word' id='word_1_167' title='bbox 445 1922 549 1972; x_wconf 84' lang='lat' dir='ltr'><strong>Latina</strong></span> <span class='ocrx_word' id='word_1_168' title='bbox 567 1922 700 1972; x_wconf 86' lang='lat' dir='ltr'><strong>eiusmodi</strong></span> <span class='ocrx_word' id='word_1_169' title='bbox 718 1922 855 1972; x_wconf 84' lang='lat' dir='ltr'><strong>vocabula</strong></span> <span class='ocrx_word' id='word_1_170' title='bbox 873 1927 1101 1987; x_wconf 88' lang='lat' dir='ltr'><strong>conponerentur.</strong></span> <span class='ocrx_word' id='word_1_171' title='bbox 1132 1924 1189 1973; x_wconf 91' lang='lat' dir='ltr'><strong>iam</strong></span> <span class='ocrx_word' id='word_1_172' title='bbox 1207 1939 1272 1973; x_wconf 82' lang='lat' dir='ltr'><strong>vero</strong></span> 
     </span>
     <span class='ocr_line' id='line_1_20' title="bbox 125 2006 1272 2074; baseline -0.001 -16"><span class='ocrx_word' id='word_1_173' title='bbox 125 2008 273 2072; x_wconf 82' lang='lat' dir='ltr'><strong>quaeritur</strong></span> <span class='ocrx_word' id='word_1_174' title='bbox 290 2006 458 2057; x_wconf 80' lang='lat' dir='ltr'><strong>Eustathins</strong></span> <span class='ocrx_word' id='word_1_175' title='bbox 469 2007 654 2074; x_wconf 79' lang='lat' dir='ltr'><strong>Aristophane</strong></span> <span class='ocrx_word' id='word_1_176' title='bbox 671 2007 732 2073; x_wconf 91' lang='lat' dir='ltr'><strong>ipso</strong></span> <span class='ocrx_word' id='word_1_177' title='bbox 751 2022 787 2056; x_wconf 95' lang='lat' dir='ltr'><strong>an</strong></span> <span class='ocrx_word' id='word_1_178' title='bbox 802 2006 933 2057; x_wconf 87' lang='lat' dir='ltr'><strong>Suetonio</strong></span> <span class='ocrx_word' id='word_1_179' title='bbox 953 2008 1012 2057; x_wconf 87' lang='lat' dir='ltr'><strong>eius</strong></span> <span class='ocrx_word' id='word_1_180' title='bbox 1031 2012 1189 2072; x_wconf 88' lang='lat' dir='ltr'><strong>excerptore</strong></span> <span class='ocrx_word' id='word_1_181' title='bbox 1207 2021 1272 2057; x_wconf 89' lang='lat' dir='ltr'><strong>usus</strong></span> 
     </span>
     <span class='ocr_line' id='line_1_21' title="bbox 124 2091 1272 2159; baseline -0.001 -17"><span class='ocrx_word' id='word_1_182' title='bbox 124 2093 170 2144; x_wconf 81' lang='lat' dir='ltr'><strong>sit.</strong></span> <span class='ocrx_word' id='word_1_183' title='bbox 201 2107 276 2159; x_wconf 89' lang='lat' dir='ltr'><strong>qnae</strong></span> <span class='ocrx_word' id='word_1_184' title='bbox 294 2106 338 2142; x_wconf 84' lang='lat' dir='ltr'><strong>res</strong></span> <span class='ocrx_word' id='word_1_185' title='bbox 351 2107 412 2141; x_wconf 89' lang='lat' dir='ltr'><strong>cum</strong></span> <span class='ocrx_word' id='word_1_186' title='bbox 423 2106 533 2158; x_wconf 89' lang='lat' dir='ltr'><strong>prorsus</strong></span> <span class='ocrx_word' id='word_1_187' title='bbox 549 2092 658 2143; x_wconf 88' lang='lat' dir='ltr'><strong>incerta</strong></span> <span class='ocrx_word' id='word_1_188' title='bbox 676 2093 728 2156; x_wconf 83' lang='lat' dir='ltr'><strong>sit,</strong></span> <span class='ocrx_word' id='word_1_189' title='bbox 748 2091 820 2141; x_wconf 87' lang='lat' dir='ltr'><strong>malo</strong></span> <span class='ocrx_word' id='word_1_190' title='bbox 838 2091 1115 2158; x_wconf 79' lang='lat' dir='ltr'><strong>nuneiragm.171i</strong></span> <span class='ocrx_word' id='word_1_191' title='bbox 1134 2104 1167 2142; x_wconf 87' lang='lat' dir='ltr'><strong>ex</strong></span> <span class='ocrx_word' id='word_1_192' title='bbox 1179 2091 1272 2157; x_wconf 82' lang='lat' dir='ltr'><strong>glossa</strong></span> 
     </span>
     <span class='ocr_line' id='line_1_22' title="bbox 126 2167 1272 2242; baseline 0 -15"><span class='ocrx_word' id='word_1_193' title='bbox 126 2176 311 2242; x_wconf 76' lang='lat' dir='ltr'><strong>etymologici</strong></span> <span class='ocrx_word' id='word_1_194' title='bbox 332 2177 426 2242; x_wconf 79' lang='lat' dir='ltr'><strong>magni</strong></span> <span class='ocrx_word' id='word_1_195' title='bbox 448 2191 503 2227; x_wconf 89' lang='lat' dir='ltr'><strong>non</strong></span> <span class='ocrx_word' id='word_1_196' title='bbox 526 2193 560 2227; x_wconf 88' lang='lat' dir='ltr'><strong>ex</strong></span> <span class='ocrx_word' id='word_1_197' title='bbox 582 2177 730 2228; x_wconf 82' lang='lat' dir='ltr'><strong>Eustatbio</strong></span> <span class='ocrx_word' id='word_1_198' title='bbox 752 2176 871 2227; x_wconf 78' lang='lat' dir='ltr'><strong>reterre:</strong></span> <span class='ocrx_word' id='word_1_199' title='bbox 904 2167 1166 2242; x_wconf 76' lang='grc' dir='ltr'><strong><em>Ἀρχολίιιαρος,</em></strong></span> <span class='ocrx_word' id='word_1_200' title='bbox 1190 2167 1272 2228; x_wconf 83' lang='grc' dir='ltr'><strong><em>ὀλι-</em></strong></span> 
     </span>
     <span class='ocr_line' id='line_1_23' title="bbox 125 2249 1272 2329; baseline 0.002 -19"><span class='ocrx_word' id='word_1_201' title='bbox 125 2259 326 2325; x_wconf 65' lang='lat' dir='ltr'><strong>septivira</strong></span> <span class='ocrx_word' id='word_1_202' title='bbox 344 2251 570 2329; x_wconf 74' lang='grc' dir='ltr'><strong><em>άρχῆςτάχῃ·</em></strong></span> <span class='ocrx_word' id='word_1_203' title='bbox 600 2249 675 2328; x_wconf 80' lang='grc' dir='ltr'><strong>ἢέκ</strong></span> <span class='ocrx_word' id='word_1_204' title='bbox 693 2259 753 2312; x_wconf 80' lang='grc' dir='ltr'><strong>τοῦ</strong></span> <span class='ocrx_word' id='word_1_205' title='bbox 772 2250 1177 2327; x_wconf 81' lang='grc' dir='ltr'><strong><em>άρχεινλικαινόμενος.</em></strong></span> <span class='ocrx_word' id='word_1_206' title='bbox 1209 2276 1272 2312; x_wconf 91' lang='lat' dir='ltr'><strong>con-</strong></span> 
     </span>
     <span class='ocr_line' id='line_1_24' title="bbox 125 2343 1273 2412; baseline 0.001 -16"><span class='ocrx_word' id='word_1_207' title='bbox 125 2347 283 2397; x_wconf 74' lang='lat' dir='ltr'><strong>sectarium</strong></span> <span class='ocrx_word' id='word_1_208' title='bbox 301 2351 391 2396; x_wconf 89' lang='lat' dir='ltr'><strong>estut</strong></span> <span class='ocrx_word' id='word_1_209' title='bbox 408 2346 525 2412; x_wconf 77' lang='lat' dir='ltr'><strong>fragm.</strong></span> <span class='ocrx_word' id='word_1_210' title='bbox 541 2343 621 2396; x_wconf 73' lang='lat'><strong>175*</strong></span> <span class='ocrx_word' id='word_1_211' title='bbox 637 2346 783 2397; x_wconf 89' lang='lat' dir='ltr'><strong>delendum</strong></span> <span class='ocrx_word' id='word_1_212' title='bbox 800 2346 850 2408; x_wconf 75' lang='lat' dir='ltr'><strong>sit3</strong></span> <span class='ocrx_word' id='word_1_213' title='bbox 881 2346 961 2395; x_wconf 90' lang='lat' dir='ltr'><strong>cuius</strong></span> <span class='ocrx_word' id='word_1_214' title='bbox 973 2345 1035 2396; x_wconf 93' lang='lat' dir='ltr'><strong>loco</strong></span> <span class='ocrx_word' id='word_1_215' title='bbox 1052 2343 1132 2412; x_wconf 70' lang='lat' dir='ltr'><strong>usal</strong></span> <span class='ocrx_word' id='word_1_216' title='bbox 1151 2359 1273 2412; x_wconf 76' lang='grc' dir='ltr'><strong><em>συγχι-</em></strong></span> 
     </span>
     <span class='ocr_line' id='line_1_25' title="bbox 125 2429 1274 2496; baseline 0 -14"><span class='ocrx_word' id='word_1_217' title='bbox 125 2430 238 2482; x_wconf 78' lang='grc' dir='ltr'><strong><em>νικῶτ</em></strong></span> <span class='ocrx_word' id='word_1_218' title='bbox 255 2429 354 2481; x_wconf 87' lang='lat' dir='ltr'><strong>titulus</strong></span> <span class='ocrx_word' id='word_1_219' title='bbox 372 2429 502 2480; x_wconf 86' lang='lat' dir='ltr'><strong>Suetonio</strong></span> <span class='ocrx_word' id='word_1_220' title='bbox 521 2431 678 2482; x_wconf 87' lang='lat' dir='ltr'><strong>vindicatus</strong></span> <span class='ocrx_word' id='word_1_221' title='bbox 700 2436 849 2496; x_wconf 88' lang='lat' dir='ltr'><strong>reponatur</strong></span> <span class='ocrx_word' id='word_1_222' title='bbox 872 2429 965 2480; x_wconf 86' lang='lat' dir='ltr'><strong>velim.</strong></span> <span class='ocrx_word' id='word_1_223' title='bbox 1001 2431 1101 2481; x_wconf 88' lang='lat' dir='ltr'><strong>deindo</strong></span> <span class='ocrx_word' id='word_1_224' title='bbox 1123 2432 1173 2481; x_wconf 90' lang='lat' dir='ltr'><strong>sub</strong></span> <span class='ocrx_word' id='word_1_225' title='bbox 1193 2430 1274 2482; x_wconf 66' lang='lat'><strong>1752</strong></span> 
     </span>
     <span class='ocr_line' id='line_1_26' title="bbox 126 2506 1273 2582; baseline 0.001 -16"><span class='ocrx_word' id='word_1_226' title='bbox 126 2524 156 2566; x_wconf 84' lang='lat' dir='ltr'><strong>et</strong></span> <span class='ocrx_word' id='word_1_227' title='bbox 176 2515 261 2566; x_wconf 74' lang='lat'>1751&gt;</span> <span class='ocrx_word' id='word_1_228' title='bbox 280 2514 388 2565; x_wconf 87' lang='lat' dir='ltr'><strong>indices</strong></span> <span class='ocrx_word' id='word_1_229' title='bbox 404 2514 459 2564; x_wconf 91' lang='lat' dir='ltr'><strong>illi:</strong></span> <span class='ocrx_word' id='word_1_230' title='bbox 488 2514 568 2579; x_wconf 85' lang='grc' dir='ltr'><strong><em>κιρλ</em></strong></span> <span class='ocrx_word' id='word_1_231' title='bbox 585 2506 784 2581; x_wconf 81' lang='grc' dir='ltr'><strong><em>ὀνομασίας</em></strong></span> <span class='ocrx_word' id='word_1_232' title='bbox 801 2506 946 2582; x_wconf 77' lang='grc' dir='ltr'><strong><em>ἡλικιῶν</em></strong></span> <span class='ocrx_word' id='word_1_233' title='bbox 965 2520 994 2566; x_wconf 89' lang='lat' dir='ltr'><strong>et</strong></span> <span class='ocrx_word' id='word_1_234' title='bbox 1015 2513 1095 2580; x_wconf 74' lang='lat' dir='ltr'><strong>saepi</strong></span> <span class='ocrx_word' id='word_1_235' title='bbox 1113 2530 1273 2581; x_wconf 82' lang='grc' dir='ltr'><strong><em>προσφω-</em></strong></span> 
     </span>
     <span class='ocr_line' id='line_1_27' title="bbox 126 2593 442 2666; baseline -0.006 -14"><span class='ocrx_word' id='word_1_236' title='bbox 126 2593 264 2666; x_wconf 74' lang='grc' dir='ltr'><strong><em>νήσεων</em></strong></span> <span class='ocrx_word' id='word_1_237' title='bbox 281 2605 442 2665; x_wconf 86' lang='lat' dir='ltr'><strong>sequantur.</strong></span> 
     </span>
    </p>

    <p class='ocr_par' dir='ltr' id='par_1_4' title="bbox 127 2685 1284 4552">
     <span class='ocr_line' id='line_1_28' title="bbox 198 2685 1275 2752; baseline 0.003 -17"><span class='ocrx_word' id='word_1_238' title='bbox 198 2685 254 2735; x_wconf 83' lang='lat' dir='ltr'><strong>Sed</strong></span> <span class='ocrx_word' id='word_1_239' title='bbox 273 2700 308 2734; x_wconf 91' lang='lat' dir='ltr'><strong>ne</strong></span> <span class='ocrx_word' id='word_1_240' title='bbox 326 2700 419 2734; x_wconf 88' lang='lat' dir='ltr'><strong>rursus</strong></span> <span class='ocrx_word' id='word_1_241' title='bbox 436 2685 612 2750; x_wconf 88' lang='lat' dir='ltr'><strong>Aristophani</strong></span> <span class='ocrx_word' id='word_1_242' title='bbox 629 2686 736 2736; x_wconf 87' lang='lat' dir='ltr'><strong>indices</strong></span> <span class='ocrx_word' id='word_1_243' title='bbox 749 2686 931 2736; x_wconf 86' lang='lat' dir='ltr'><strong>Suetonianos</strong></span> <span class='ocrx_word' id='word_1_244' title='bbox 950 2692 980 2735; x_wconf 88' lang='lat' dir='ltr'><strong>ut</strong></span> <span class='ocrx_word' id='word_1_245' title='bbox 999 2686 1034 2735; x_wconf 88' lang='lat' dir='ltr'><strong>ab</strong></span> <span class='ocrx_word' id='word_1_246' title='bbox 1053 2686 1099 2736; x_wconf 89' lang='lat' dir='ltr'><strong>illo</strong></span> <span class='ocrx_word' id='word_1_247' title='bbox 1118 2686 1275 2752; x_wconf 87' lang='lat' dir='ltr'><strong>desumptos</strong></span> 
     </span>
     <span class='ocr_line' id='line_1_29' title="bbox 127 2771 1273 2838; baseline 0.003 -20"><span class='ocrx_word' id='word_1_248' title='bbox 127 2772 312 2819; x_wconf 87' lang='lat' dir='ltr'><strong>restituamus</strong></span> <span class='ocrx_word' id='word_1_249' title='bbox 330 2771 511 2835; x_wconf 83' lang='lat' dir='ltr'><strong>gravissimae</strong></span> <span class='ocrx_word' id='word_1_250' title='bbox 524 2771 648 2821; x_wconf 89' lang='lat' dir='ltr'><strong>rationes</strong></span> <span class='ocrx_word' id='word_1_251' title='bbox 666 2771 856 2821; x_wconf 80' lang='lat' dir='ltr'><strong>adversantur.</strong></span> <span class='ocrx_word' id='word_1_252' title='bbox 884 2787 948 2820; x_wconf 90' lang='lat' dir='ltr'><strong>nam</strong></span> <span class='ocrx_word' id='word_1_253' title='bbox 967 2771 1029 2820; x_wconf 91' lang='lat' dir='ltr'><strong>inde</strong></span> <span class='ocrx_word' id='word_1_254' title='bbox 1044 2771 1078 2819; x_wconf 91' lang='lat' dir='ltr'><strong>ab</strong></span> <span class='ocrx_word' id='word_1_255' title='bbox 1097 2787 1130 2820; x_wconf 86' lang='lat' dir='ltr'><strong>eo</strong></span> <span class='ocrx_word' id='word_1_256' title='bbox 1143 2778 1273 2838; x_wconf 89' lang='lat' dir='ltr'><strong>tempore,</strong></span> 
     </span>
     <span class='ocr_line' id='line_1_30' title="bbox 128 2850 1275 2923; baseline 0.003 -19"><span class='ocrx_word' id='word_1_257' title='bbox 128 2872 184 2920; x_wconf 89' lang='lat' dir='ltr'><strong>quo</strong></span> <span class='ocrx_word' id='word_1_258' title='bbox 203 2850 295 2917; x_wconf 81' lang='grc' dir='ltr'><strong><em>λέξεις</em></strong></span> <span class='ocrx_word' id='word_1_259' title='bbox 307 2854 505 2921; x_wconf 78' lang='lat' dir='ltr'><strong>Aristophanes</strong></span> <span class='ocrx_word' id='word_1_260' title='bbox 525 2856 647 2921; x_wconf 80' lang='lat' dir='ltr'><strong>conlegit</strong></span> <span class='ocrx_word' id='word_1_261' title='bbox 663 2871 736 2906; x_wconf 85' lang='lat' dir='ltr'><strong>nova</strong></span> <span class='ocrx_word' id='word_1_262' title='bbox 750 2851 851 2919; x_wconf 79' lang='grc' dir='ltr'><strong><em>λέξεων</em></strong></span> <span class='ocrx_word' id='word_1_263' title='bbox 870 2858 964 2920; x_wconf 86' lang='lat' dir='ltr'><strong>capita</strong></span> <span class='ocrx_word' id='word_1_264' title='bbox 983 2857 1096 2906; x_wconf 86' lang='lat' dir='ltr'><strong>inventa</strong></span> <span class='ocrx_word' id='word_1_265' title='bbox 1108 2864 1183 2922; x_wconf 88' lang='lat' dir='ltr'><strong>sunt,</strong></span> <span class='ocrx_word' id='word_1_266' title='bbox 1204 2872 1275 2923; x_wconf 85' lang='lat' dir='ltr'><strong>quae</strong></span> 
     </span>
     <span class='ocr_line' id='line_1_31' title="bbox 128 2941 1276 3006; baseline 0.002 -16"><span class='ocrx_word' id='word_1_267' title='bbox 128 2941 283 2990; x_wconf 75' lang='lat' dir='ltr'><strong>Suetonius</strong></span> <span class='ocrx_word' id='word_1_268' title='bbox 305 2955 357 2990; x_wconf 89' lang='lat' dir='ltr'><strong>sua</strong></span> <span class='ocrx_word' id='word_1_269' title='bbox 381 2941 474 2991; x_wconf 86' lang='lat' dir='ltr'><strong>lacere</strong></span> <span class='ocrx_word' id='word_1_270' title='bbox 497 2947 615 3005; x_wconf 86' lang='lat' dir='ltr'><strong>poterat.</strong></span> <span class='ocrx_word' id='word_1_271' title='bbox 651 2946 682 2990; x_wconf 91' lang='lat' dir='ltr'><strong>ut</strong></span> <span class='ocrx_word' id='word_1_272' title='bbox 704 2956 758 2990; x_wconf 90' lang='lat' dir='ltr'><strong>non</strong></span> <span class='ocrx_word' id='word_1_273' title='bbox 782 2941 868 2991; x_wconf 87' lang='lat' dir='ltr'><strong>liceat</strong></span> <span class='ocrx_word' id='word_1_274' title='bbox 891 2943 1069 3006; x_wconf 76' lang='lat' dir='ltr'><strong>Aristophani</strong></span> <span class='ocrx_word' id='word_1_275' title='bbox 1091 2942 1162 2992; x_wconf 89' lang='lat' dir='ltr'><strong>tales</strong></span> <span class='ocrx_word' id='word_1_276' title='bbox 1181 2942 1276 2992; x_wconf 88' lang='lat' dir='ltr'><strong>titulos</strong></span> 
     </span>
     <span class='ocr_line' id='line_1_32' title="bbox 127 3017 1276 3093; baseline 0.001 -18"><span class='ocrx_word' id='word_1_277' title='bbox 127 3026 277 3075; x_wconf 82' lang='lat' dir='ltr'><strong>vindicare</strong></span> <span class='ocrx_word' id='word_1_278' title='bbox 291 3023 356 3089; x_wconf 69' lang='lat' dir='ltr'><strong>aspi</strong></span> <span class='ocrx_word' id='word_1_279' title='bbox 375 3020 455 3085; x_wconf 79' lang='grc' dir='ltr'><strong><em>ἰδέας</em></strong></span> <span class='ocrx_word' id='word_1_280' title='bbox 474 3017 644 3093; x_wconf 73' lang='grc' dir='ltr'><strong><em>ἐσθημάτων</em></strong></span> <span class='ocrx_word' id='word_1_281' title='bbox 663 3031 690 3076; x_wconf 84' lang='lat' dir='ltr'><strong>ct</strong></span> <span class='ocrx_word' id='word_1_282' title='bbox 708 3026 821 3076; x_wconf 91' lang='lat' dir='ltr'><strong>similes.</strong></span> <span class='ocrx_word' id='word_1_283' title='bbox 846 3032 969 3076; x_wconf 87' lang='lat' dir='ltr'><strong>attamen</strong></span> <span class='ocrx_word' id='word_1_284' title='bbox 988 3029 1047 3077; x_wconf 89' lang='lat' dir='ltr'><strong>eius</strong></span> <span class='ocrx_word' id='word_1_285' title='bbox 1066 3043 1171 3091; x_wconf 91' lang='lat' dir='ltr'><strong>quoque</strong></span> <span class='ocrx_word' id='word_1_286' title='bbox 1190 3029 1276 3092; x_wconf 90' lang='lat' dir='ltr'><strong>scrip-</strong></span> 
     </span>
     <span class='ocr_line' id='line_1_33' title="bbox 129 3111 1276 3177; baseline 0 -17"><span class='ocrx_word' id='word_1_287' title='bbox 129 3121 189 3160; x_wconf 89' lang='lat' dir='ltr'><strong>tum</strong></span> <span class='ocrx_word' id='word_1_288' title='bbox 209 3111 264 3160; x_wconf 87' lang='lat' dir='ltr'><strong>hac</strong></span> <span class='ocrx_word' id='word_1_289' title='bbox 284 3126 344 3160; x_wconf 89' lang='lat' dir='ltr'><strong>cum</strong></span> <span class='ocrx_word' id='word_1_290' title='bbox 357 3112 488 3161; x_wconf 74' lang='lat' dir='ltr'><strong>Suetonio</strong></span> <span class='ocrx_word' id='word_1_291' title='bbox 506 3113 704 3177; x_wconf 76' lang='lat' dir='ltr'><strong>conparatione</strong></span> <span class='ocrx_word' id='word_1_292' title='bbox 723 3127 795 3162; x_wconf 87' lang='lat' dir='ltr'><strong>nova</strong></span> <span class='ocrx_word' id='word_1_293' title='bbox 809 3111 926 3176; x_wconf 84' lang='lat' dir='ltr'><strong>quadam</strong></span> <span class='ocrx_word' id='word_1_294' title='bbox 944 3112 1005 3160; x_wconf 88' lang='lat' dir='ltr'><strong>lucc</strong></span> <span class='ocrx_word' id='word_1_295' title='bbox 1019 3112 1187 3162; x_wconf 88' lang='lat' dir='ltr'><strong>inlustratur.</strong></span> <span class='ocrx_word' id='word_1_296' title='bbox 1212 3128 1276 3162; x_wconf 93' lang='lat' dir='ltr'><strong>nam</strong></span> 
     </span>
     <span class='ocr_line' id='line_1_34' title="bbox 129 3190 1277 3262; baseline 0.003 -18"><span class='ocrx_word' id='word_1_297' title='bbox 129 3197 159 3245; x_wconf 91' lang='lat' dir='ltr'><strong>in</strong></span> <span class='ocrx_word' id='word_1_298' title='bbox 179 3196 320 3246; x_wconf 85' lang='lat' dir='ltr'><strong>anecdota</strong></span> <span class='ocrx_word' id='word_1_299' title='bbox 338 3196 385 3245; x_wconf 93' lang='lat' dir='ltr'><strong>illo</strong></span> <span class='ocrx_word' id='word_1_300' title='bbox 403 3195 529 3247; x_wconf 85' lang='lat' dir='ltr'><strong>Parisino</strong></span> <span class='ocrx_word' id='word_1_301' title='bbox 547 3198 563 3246; x_wconf 78' lang='lat'><strong>5</strong></span> <span class='ocrx_word' id='word_1_302' title='bbox 586 3197 656 3247; x_wconf 90' lang='lat' dir='ltr'><strong>haec</strong></span> <span class='ocrx_word' id='word_1_303' title='bbox 670 3196 861 3262; x_wconf 72' lang='lat' dir='ltr'><strong>Aristophanis</strong></span> <span class='ocrx_word' id='word_1_304' title='bbox 874 3190 947 3258; x_wconf 79' lang='grc' dir='ltr'><strong><em>λέξις</em></strong></span> <span class='ocrx_word' id='word_1_305' title='bbox 966 3197 1122 3260; x_wconf 85' lang='lat' dir='ltr'><strong>adponitur:</strong></span> <span class='ocrx_word' id='word_1_306' title='bbox 1151 3194 1200 3247; x_wconf 80' lang='lat' dir='ltr'><strong>sal</strong></span> <span class='ocrx_word' id='word_1_307' title='bbox 1212 3213 1277 3248; x_wconf 89' lang='grc' dir='ltr'><strong><em>κοκ-</em></strong></span> 
     </span>
     <span class='ocr_line' id='line_1_35' title="bbox 129 3271 1277 3346; baseline 0 -16"><span class='ocrx_word' id='word_1_308' title='bbox 129 3272 233 3344; x_wconf 72' lang='grc' dir='ltr'><strong><em>κάζειν</em></strong></span> <span class='ocrx_word' id='word_1_309' title='bbox 250 3272 299 3331; x_wconf 66' lang='lat' dir='ltr'><strong>tat</strong></span> <span class='ocrx_word' id='word_1_310' title='bbox 318 3279 368 3332; x_wconf 79' lang='grc' dir='ltr'><strong>τοῦ</strong></span> <span class='ocrx_word' id='word_1_311' title='bbox 386 3271 586 3346; x_wconf 72' lang='grc' dir='ltr'><strong><em>ἀλεκτρυόνος,</em></strong></span> <span class='ocrx_word' id='word_1_312' title='bbox 607 3297 676 3346; x_wconf 90' lang='lat' dir='ltr'><strong>quae</strong></span> <span class='ocrx_word' id='word_1_313' title='bbox 696 3298 713 3332; x_wconf 90' lang='lat' dir='ltr'><strong>a</strong></span> <span class='ocrx_word' id='word_1_314' title='bbox 730 3282 856 3332; x_wconf 88' lang='lat' dir='ltr'><strong>Nauckie</strong></span> <span class='ocrx_word' id='word_1_315' title='bbox 874 3283 946 3331; x_wconf 88' lang='lat' dir='ltr'><strong>inter</strong></span> <span class='ocrx_word' id='word_1_316' title='bbox 970 3280 1128 3346; x_wconf 80' lang='lat' dir='ltr'><strong>fragmenta</strong></span> <span class='ocrx_word' id='word_1_317' title='bbox 1144 3283 1219 3332; x_wconf 87' lang='lat' dir='ltr'><strong>sedis</strong></span> <span class='ocrx_word' id='word_1_318' title='bbox 1237 3282 1277 3330; x_wconf 92' lang='lat' dir='ltr'><strong>in·</strong></span> 
     </span>
     <span class='ocr_line' id='line_1_36' title="bbox 132 3364 1278 3432; baseline -0.001 -17"><span class='ocrx_word' id='word_1_319' title='bbox 132 3374 232 3415; x_wconf 81' lang='lat' dir='ltr'><strong>certae</strong></span> <span class='ocrx_word' id='word_1_320' title='bbox 251 3366 380 3428; x_wconf 84' lang='lat' dir='ltr'>(LXXIII</span> <span class='ocrx_word' id='word_1_321' title='bbox 397 3383 424 3432; x_wconf 92' lang='lat' dir='ltr'><strong>p.</strong></span> <span class='ocrx_word' id='word_1_322' title='bbox 443 3364 503 3430; x_wconf 76' lang='lat'>218)</span> <span class='ocrx_word' id='word_1_323' title='bbox 522 3367 611 3416; x_wconf 87' lang='lat' dir='ltr'><strong>relata</strong></span> <span class='ocrx_word' id='word_1_324' title='bbox 629 3374 679 3416; x_wconf 87' lang='lat' dir='ltr'><strong>est.</strong></span> <span class='ocrx_word' id='word_1_325' title='bbox 716 3368 771 3416; x_wconf 83' lang='lat' dir='ltr'><strong>iam</strong></span> <span class='ocrx_word' id='word_1_326' title='bbox 790 3369 814 3416; x_wconf 84' lang='lat' dir='ltr'><strong>si</strong></span> <span class='ocrx_word' id='word_1_327' title='bbox 835 3367 1054 3432; x_wconf 84' lang='lat' dir='ltr'><strong>reputaverimus</strong></span> <span class='ocrx_word' id='word_1_328' title='bbox 1073 3367 1231 3416; x_wconf 82' lang='lat' dir='ltr'><strong>Suetonium</strong></span> <span class='ocrx_word' id='word_1_329' title='bbox 1250 3367 1278 3415; x_wconf 90' lang='lat' dir='ltr'><strong>in</strong></span> 
     </span>
     <span class='ocr_line' id='line_1_37' title="bbox 130 3449 1279 3518; baseline 0.002 -19"><span class='ocrx_word' id='word_1_330' title='bbox 130 3458 278 3518; x_wconf 83' lang='lat' dir='ltr'><strong>pratorum</strong></span> <span class='ocrx_word' id='word_1_331' title='bbox 288 3449 358 3500; x_wconf 92' lang='lat' dir='ltr'><strong>libro</strong></span> <span class='ocrx_word' id='word_1_332' title='bbox 368 3466 448 3513; x_wconf 89' lang='lat' dir='ltr'><strong>nouo,</strong></span> <span class='ocrx_word' id='word_1_333' title='bbox 459 3466 511 3517; x_wconf 89' lang='lat' dir='ltr'><strong>quo</strong></span> <span class='ocrx_word' id='word_1_334' title='bbox 521 3451 555 3502; x_wconf 90' lang='lat' dir='ltr'><strong>de</strong></span> <span class='ocrx_word' id='word_1_335' title='bbox 566 3453 749 3502; x_wconf 88' lang='lat' dir='ltr'><strong>animantium</strong></span> <span class='ocrx_word' id='word_1_336' title='bbox 758 3452 863 3502; x_wconf 91' lang='lat' dir='ltr'><strong>naturis</strong></span> <span class='ocrx_word' id='word_1_337' title='bbox 873 3453 994 3517; x_wconf 83' lang='lat' dir='ltr'><strong>scripsIt,</strong></span> <span class='ocrx_word' id='word_1_338' title='bbox 1005 3468 1087 3503; x_wconf 89' lang='lat' dir='ltr'><strong>voces</strong></span> <span class='ocrx_word' id='word_1_339' title='bbox 1099 3453 1279 3502; x_wconf 88' lang='lat' dir='ltr'><strong>animantium</strong></span> 
     </span>
     <span class='ocr_line' id='line_1_38' title="bbox 131 3536 1278 3602; baseline 0.003 -18"><span class='ocrx_word' id='word_1_340' title='bbox 131 3536 325 3596; x_wconf 83' lang='lat' dir='ltr'><strong>recensuisse,</strong></span> <span class='ocrx_word' id='word_1_341' title='bbox 350 3537 379 3586; x_wconf 90' lang='lat' dir='ltr'><strong>in</strong></span> <span class='ocrx_word' id='word_1_342' title='bbox 401 3537 484 3587; x_wconf 88' lang='lat' dir='ltr'><strong>simili</strong></span> <span class='ocrx_word' id='word_1_343' title='bbox 503 3539 659 3602; x_wconf 78' lang='lat' dir='ltr'><strong>argumenti</strong></span> <span class='ocrx_word' id='word_1_344' title='bbox 678 3537 859 3588; x_wconf 85' lang='lat' dir='ltr'><strong>continuitate</strong></span> <span class='ocrx_word' id='word_1_345' title='bbox 884 3537 919 3586; x_wconf 92' lang='lat' dir='ltr'><strong>ab</strong></span> <span class='ocrx_word' id='word_1_346' title='bbox 937 3538 1122 3601; x_wconf 82' lang='lat' dir='ltr'><strong>Aristophane</strong></span> <span class='ocrx_word' id='word_1_347' title='bbox 1141 3537 1213 3586; x_wconf 91' lang='lat' dir='ltr'><strong>hanc</strong></span> <span class='ocrx_word' id='word_1_348' title='bbox 1232 3553 1278 3588; x_wconf 85' lang='lat' dir='ltr'><strong>vo·</strong></span> 
     </span>
     <span class='ocr_line' id='line_1_39' title="bbox 132 3621 1280 3688; baseline 0.003 -18"><span class='ocrx_word' id='word_1_349' title='bbox 132 3638 198 3670; x_wconf 84' lang='lat' dir='ltr'><strong>cem</strong></span> <span class='ocrx_word' id='word_1_350' title='bbox 223 3622 340 3686; x_wconf 89' lang='lat' dir='ltr'><strong>positam</strong></span> <span class='ocrx_word' id='word_1_351' title='bbox 365 3622 450 3672; x_wconf 86' lang='lat' dir='ltr'><strong>inisse</strong></span> <span class='ocrx_word' id='word_1_352' title='bbox 472 3623 616 3687; x_wconf 82' lang='lat' dir='ltr'><strong>probabile</strong></span> <span class='ocrx_word' id='word_1_353' title='bbox 639 3624 786 3673; x_wconf 88' lang='lat' dir='ltr'><strong>videbitur.</strong></span> <span class='ocrx_word' id='word_1_354' title='bbox 825 3628 853 3671; x_wconf 91' lang='lat' dir='ltr'><strong>at</strong></span> <span class='ocrx_word' id='word_1_355' title='bbox 877 3637 975 3687; x_wconf 87' lang='lat' dir='ltr'><strong>reapse</strong></span> <span class='ocrx_word' id='word_1_356' title='bbox 995 3623 1192 3688; x_wconf 85' lang='lat' dir='ltr'><strong>Aristophanes</strong></span> <span class='ocrx_word' id='word_1_357' title='bbox 1214 3621 1280 3687; x_wconf 74' lang='grc' dir='ltr'><strong><em>περὶ</em></strong></span> 
     </span>
     <span class='ocr_line' id='line_1_40' title="bbox 132 3698 1280 3774; baseline 0.002 -17"><span class='ocrx_word' id='word_1_358' title='bbox 132 3698 216 3769; x_wconf 73' lang='grc' dir='ltr'><strong><em>ζώων</em></strong></span> <span class='ocrx_word' id='word_1_359' title='bbox 233 3708 345 3771; x_wconf 84' lang='lat' dir='ltr'><strong>scripsit</strong></span> <span class='ocrx_word' id='word_1_360' title='bbox 364 3707 412 3768; x_wconf 83' lang='lat' dir='ltr'><strong>(cf.</strong></span> <span class='ocrx_word' id='word_1_361' title='bbox 430 3707 527 3757; x_wconf 83' lang='lat' dir='ltr'><strong>Nauck</strong></span> <span class='ocrx_word' id='word_1_362' title='bbox 550 3725 576 3774; x_wconf 85' lang='lat' dir='ltr'><strong>p.</strong></span> <span class='ocrx_word' id='word_1_363' title='bbox 595 3708 721 3772; x_wconf 68' lang='lat' dir='ltr'><strong>litbsqq.)</strong></span> <span class='ocrx_word' id='word_1_364' title='bbox 746 3715 886 3758; x_wconf 84' lang='lat' dir='ltr'><strong>auctorem</strong></span> <span class='ocrx_word' id='word_1_365' title='bbox 912 3708 940 3756; x_wconf 92' lang='lat' dir='ltr'><strong>in</strong></span> <span class='ocrx_word' id='word_1_366' title='bbox 964 3710 1046 3759; x_wconf 90' lang='lat' dir='ltr'><strong>rebus</strong></span> <span class='ocrx_word' id='word_1_367' title='bbox 1064 3709 1222 3760; x_wconf 86' lang='lat' dir='ltr'><strong>Aristotelis</strong></span> <span class='ocrx_word' id='word_1_368' title='bbox 1239 3710 1280 3759; x_wconf 89' lang='lat' dir='ltr'><strong>hi·</strong></span> 
     </span>
     <span class='ocr_line' id='line_1_41' title="bbox 132 3791 1279 3860; baseline 0.002 -18"><span class='ocrx_word' id='word_1_369' title='bbox 132 3792 254 3842; x_wconf 85' lang='lat' dir='ltr'><strong>storiam</strong></span> <span class='ocrx_word' id='word_1_370' title='bbox 273 3791 445 3855; x_wconf 77' lang='lat' dir='ltr'><strong>animalium,</strong></span> <span class='ocrx_word' id='word_1_371' title='bbox 466 3794 494 3842; x_wconf 93' lang='lat' dir='ltr'><strong>in</strong></span> <span class='ocrx_word' id='word_1_372' title='bbox 512 3810 566 3858; x_wconf 89' lang='lat' dir='ltr'><strong>qua</strong></span> <span class='ocrx_word' id='word_1_373' title='bbox 585 3800 613 3844; x_wconf 87' lang='lat' dir='ltr'><strong>et</strong></span> <span class='ocrx_word' id='word_1_374' title='bbox 631 3795 693 3859; x_wconf 89' lang='lat' dir='ltr'><strong>ipsa</strong></span> <span class='ocrx_word' id='word_1_375' title='bbox 705 3792 790 3843; x_wconf 78' lang='lat'><em>11119</em></span> <span class='ocrx_word' id='word_1_376' title='bbox 809 3793 842 3843; x_wconf 87' lang='lat' dir='ltr'><strong>‹le</strong></span> <span class='ocrx_word' id='word_1_377' title='bbox 860 3795 971 3844; x_wconf 88' lang='lat' dir='ltr'><strong>vocibus</strong></span> <span class='ocrx_word' id='word_1_378' title='bbox 991 3795 1171 3845; x_wconf 89' lang='lat' dir='ltr'><strong>animantium</strong></span> <span class='ocrx_word' id='word_1_379' title='bbox 1188 3795 1279 3860; x_wconf 83' lang='lat' dir='ltr'><strong>dispu-</strong></span> 
     </span>
     <span class='ocr_line' id='line_1_42' title="bbox 132 3877 1281 3945; baseline 0.003 -19"><span class='ocrx_word' id='word_1_380' title='bbox 132 3883 228 3936; x_wconf 89' lang='lat' dir='ltr'><strong>tatur,</strong></span> <span class='ocrx_word' id='word_1_381' title='bbox 252 3882 376 3938; x_wconf 81' lang='lat' dir='ltr'><strong>secutus,</strong></span> <span class='ocrx_word' id='word_1_382' title='bbox 401 3883 430 3927; x_wconf 87' lang='lat' dir='ltr'><strong>ut</strong></span> <span class='ocrx_word' id='word_1_383' title='bbox 452 3877 531 3928; x_wconf 87' lang='lat' dir='ltr'><strong>huius</strong></span> <span class='ocrx_word' id='word_1_384' title='bbox 550 3879 619 3929; x_wconf 89' lang='lat' dir='ltr'><strong>adeo</strong></span> <span class='ocrx_word' id='word_1_385' title='bbox 644 3880 807 3944; x_wconf 86' lang='lat' dir='ltr'><strong>epitomator</strong></span> <span class='ocrx_word' id='word_1_386' title='bbox 825 3884 873 3929; x_wconf 90' lang='lat' dir='ltr'><strong>aut</strong></span> <span class='ocrx_word' id='word_1_387' title='bbox 888 3885 1086 3930; x_wconf 83' lang='lat' dir='ltr'><strong>commentator</strong></span> <span class='ocrx_word' id='word_1_388' title='bbox 1105 3896 1122 3930; x_wconf 90' lang='lat' dir='ltr'><strong>a</strong></span> <span class='ocrx_word' id='word_1_389' title='bbox 1140 3882 1281 3945; x_wconf 85' lang='lat' dir='ltr'><strong>scriptori·</strong></span> 
     </span>
     <span class='ocr_line' id='line_1_43' title="bbox 133 3957 1281 4031; baseline 0.002 -19"><span class='ocrx_word' id='word_1_390' title='bbox 133 3964 189 4012; x_wconf 89' lang='lat' dir='ltr'><strong>bus</strong></span> <span class='ocrx_word' id='word_1_391' title='bbox 210 3963 369 4026; x_wconf 84' lang='lat' dir='ltr'><strong>posterioris</strong></span> <span class='ocrx_word' id='word_1_392' title='bbox 388 3965 490 4013; x_wconf 84' lang='lat' dir='ltr'><strong>aetatis</strong></span> <span class='ocrx_word' id='word_1_393' title='bbox 508 3966 685 4015; x_wconf 85' lang='lat' dir='ltr'><strong>vocitaretur.</strong></span> <span class='ocrx_word' id='word_1_394' title='bbox 716 3964 795 4015; x_wconf 90' lang='lat' dir='ltr'><strong>huius</strong></span> <span class='ocrx_word' id='word_1_395' title='bbox 814 3969 907 4014; x_wconf 90' lang='lat' dir='ltr'><strong>autem</strong></span> <span class='ocrx_word' id='word_1_396' title='bbox 925 3962 989 4028; x_wconf 76' lang='lat' dir='ltr'><strong>aspi</strong></span> <span class='ocrx_word' id='word_1_397' title='bbox 1002 3957 1078 4027; x_wconf 80' lang='grc' dir='ltr'><strong><em>ζώων</em></strong></span> <span class='ocrx_word' id='word_1_398' title='bbox 1096 3966 1160 4015; x_wconf 90' lang='lat' dir='ltr'><strong>libri</strong></span> <span class='ocrx_word' id='word_1_399' title='bbox 1174 3972 1281 4031; x_wconf 88' lang='lat' dir='ltr'><strong>partem</strong></span> 
     </span>
     <span class='ocr_line' id='line_1_44' title="bbox 133 4041 1281 4117; baseline 0.001 -20"><span class='ocrx_word' id='word_1_400' title='bbox 133 4049 178 4097; x_wconf 85' lang='lat' dir='ltr'><strong>sic</strong></span> <span class='ocrx_word' id='word_1_401' title='bbox 206 4048 298 4096; x_wconf 79' lang='lat' dir='ltr'><strong>adfert</strong></span> <span class='ocrx_word' id='word_1_402' title='bbox 317 4048 408 4110; x_wconf 80' lang='lat' dir='ltr'><strong>Lydus</strong></span> <span class='ocrx_word' id='word_1_403' title='bbox 431 4048 464 4098; x_wconf 90' lang='lat' dir='ltr'><strong>do</strong></span> <span class='ocrx_word' id='word_1_404' title='bbox 483 4065 556 4114; x_wconf 76' lang='lat' dir='ltr'><strong>mag.</strong></span> <span class='ocrx_word' id='word_1_405' title='bbox 580 4067 606 4114; x_wconf 85' lang='lat' dir='ltr'><strong>p.</strong></span> <span class='ocrx_word' id='word_1_406' title='bbox 626 4050 657 4098; x_wconf 79' lang='lat' dir='ltr'><strong>R.</strong></span> <span class='ocrx_word' id='word_1_407' title='bbox 677 4048 770 4099; x_wconf 76' lang='lat'><strong>11163</strong></span> <span class='ocrx_word' id='word_1_408' title='bbox 794 4042 825 4101; x_wconf 74' lang='grc' dir='ltr'><strong>ἐν</strong></span> <span class='ocrx_word' id='word_1_409' title='bbox 848 4049 882 4116; x_wconf 75' lang='grc' dir='ltr'><strong>τῇ</strong></span> <span class='ocrx_word' id='word_1_410' title='bbox 905 4041 1024 4117; x_wconf 76' lang='grc' dir='ltr'><strong><em>ἐπιτομῇ</em></strong></span> <span class='ocrx_word' id='word_1_411' title='bbox 1047 4050 1103 4102; x_wconf 84' lang='grc' dir='ltr'><strong>τῶν</strong></span> <span class='ocrx_word' id='word_1_412' title='bbox 1126 4044 1157 4102; x_wconf 84' lang='grc' dir='ltr'><strong>έν</strong></span> <span class='ocrx_word' id='word_1_413' title='bbox 1182 4041 1281 4115; x_wconf 76' lang='grc' dir='ltr'><strong><em>ἰχθύσι</em></strong></span> 
     </span>
     <span class='ocr_line' id='line_1_45' title="bbox 134 4131 1282 4202; baseline 0.001 -21"><span class='ocrx_word' id='word_1_414' title='bbox 134 4131 271 4197; x_wconf 77' lang='grc' dir='ltr'><strong><em>φυσικῶν</em></strong></span> <span class='ocrx_word' id='word_1_415' title='bbox 288 4132 316 4182; x_wconf 90' lang='lat' dir='ltr'><strong>id</strong></span> <span class='ocrx_word' id='word_1_416' title='bbox 336 4139 378 4182; x_wconf 85' lang='lat' dir='ltr'><strong>est</strong></span> <span class='ocrx_word' id='word_1_417' title='bbox 396 4135 424 4182; x_wconf 92' lang='lat' dir='ltr'><strong>in</strong></span> <span class='ocrx_word' id='word_1_418' title='bbox 443 4134 564 4198; x_wconf 88' lang='lat' dir='ltr'><strong>epitoma</strong></span> <span class='ocrx_word' id='word_1_419' title='bbox 582 4135 740 4185; x_wconf 82' lang='lat' dir='ltr'><strong>Aristotelis</strong></span> <span class='ocrx_word' id='word_1_420' title='bbox 758 4136 792 4185; x_wconf 90' lang='lat' dir='ltr'><strong>de</strong></span> <span class='ocrx_word' id='word_1_421' title='bbox 811 4136 916 4185; x_wconf 88' lang='lat' dir='ltr'><strong>naturis</strong></span> <span class='ocrx_word' id='word_1_422' title='bbox 935 4137 1060 4201; x_wconf 86' lang='lat' dir='ltr'><strong>piscium.</strong></span> <span class='ocrx_word' id='word_1_423' title='bbox 1098 4138 1162 4202; x_wconf 91' lang='lat' dir='ltr'><strong>quid</strong></span> <span class='ocrx_word' id='word_1_424' title='bbox 1181 4135 1282 4201; x_wconf 76' lang='lat' dir='ltr'><strong>igitur?</strong></span> 
     </span>
     <span class='ocr_line' id='line_1_46' title="bbox 134 4217 1282 4287; baseline 0.006 -20"><span class='ocrx_word' id='word_1_425' title='bbox 134 4233 232 4267; x_wconf 89' lang='lat' dir='ltr'><strong>nonne</strong></span> <span class='ocrx_word' id='word_1_426' title='bbox 252 4217 322 4267; x_wconf 90' lang='lat' dir='ltr'><strong>haec</strong></span> <span class='ocrx_word' id='word_1_427' title='bbox 340 4234 404 4283; x_wconf 85' lang='lat' dir='ltr'><strong>pars</strong></span> <span class='ocrx_word' id='word_1_428' title='bbox 422 4221 514 4286; x_wconf 80' lang='lat' dir='ltr'><strong>magni</strong></span> <span class='ocrx_word' id='word_1_429' title='bbox 538 4221 612 4271; x_wconf 90' lang='lat' dir='ltr'><strong>illius</strong></span> <span class='ocrx_word' id='word_1_430' title='bbox 631 4220 827 4286; x_wconf 88' lang='lat' dir='ltr'><strong>Aristophanei</strong></span> <span class='ocrx_word' id='word_1_431' title='bbox 844 4223 935 4286; x_wconf 89' lang='lat' dir='ltr'><strong>operis</strong></span> <span class='ocrx_word' id='word_1_432' title='bbox 954 4227 1007 4285; x_wconf 86' lang='lat' dir='ltr'><strong>est,</strong></span> <span class='ocrx_word' id='word_1_433' title='bbox 1036 4230 1067 4273; x_wconf 92' lang='lat' dir='ltr'><strong>ut</strong></span> <span class='ocrx_word' id='word_1_434' title='bbox 1084 4224 1282 4287; x_wconf 88' lang='lat' dir='ltr'><strong>Aristophanes</strong></span> 
     </span>
     <span class='ocr_line' id='line_1_47' title="bbox 134 4299 1283 4374; baseline 0.008 -21"><span class='ocrx_word' id='word_1_435' title='bbox 134 4304 224 4370; x_wconf 84' lang='lat' dir='ltr'><strong>plane</strong></span> <span class='ocrx_word' id='word_1_436' title='bbox 243 4299 476 4356; x_wconf 85' lang='lat' dir='ltr'><strong>ntSnctouins&#39;in</strong></span> <span class='ocrx_word' id='word_1_437' title='bbox 493 4301 596 4370; x_wconf 75' lang='grc' dir='ltr'><strong><em>λέξεων</em></strong></span> <span class='ocrx_word' id='word_1_438' title='bbox 614 4307 683 4357; x_wconf 92' lang='lat' dir='ltr'><strong>libro</strong></span> <span class='ocrx_word' id='word_1_439' title='bbox 702 4308 847 4357; x_wconf 87' lang='lat' dir='ltr'><strong>occasione</strong></span> <span class='ocrx_word' id='word_1_440' title='bbox 866 4309 931 4357; x_wconf 86' lang='lat' dir='ltr'><strong>data</strong></span> <span class='ocrx_word' id='word_1_441' title='bbox 953 4325 1007 4359; x_wconf 92' lang='lat' dir='ltr'><strong>non</strong></span> <span class='ocrx_word' id='word_1_442' title='bbox 1031 4315 1136 4358; x_wconf 88' lang='lat' dir='ltr'><strong>tantum</strong></span> <span class='ocrx_word' id='word_1_443' title='bbox 1159 4310 1283 4374; x_wconf 81' lang='lat' dir='ltr'><strong>singulas</strong></span> 
     </span>
     <span class='ocr_line' id='line_1_48' title="bbox 136 4384 1283 4461; baseline 0.009 -22"><span class='ocrx_word' id='word_1_444' title='bbox 136 4384 232 4453; x_wconf 78' lang='grc' dir='ltr'><strong><em>λέξεις</em></strong></span> <span class='ocrx_word' id='word_1_445' title='bbox 255 4391 305 4440; x_wconf 86' lang='lat' dir='ltr'><strong>sed</strong></span> <span class='ocrx_word' id='word_1_446' title='bbox 326 4391 405 4441; x_wconf 85' lang='lat' dir='ltr'><strong>simul</strong></span> <span class='ocrx_word' id='word_1_447' title='bbox 426 4393 502 4458; x_wconf 90' lang='lat' dir='ltr'><strong>ipsas</strong></span> <span class='ocrx_word' id='word_1_448' title='bbox 525 4409 570 4444; x_wconf 90' lang='lat' dir='ltr'><strong>res</strong></span> <span class='ocrx_word' id='word_1_449' title='bbox 593 4393 704 4458; x_wconf 84' lang='lat' dir='ltr'><strong>aequali</strong></span> <span class='ocrx_word' id='word_1_450' title='bbox 731 4409 797 4443; x_wconf 90' lang='lat' dir='ltr'><strong>cura</strong></span> <span class='ocrx_word' id='word_1_451' title='bbox 814 4400 975 4459; x_wconf 82' lang='lat' dir='ltr'><strong>persecutus</strong></span> <span class='ocrx_word' id='word_1_452' title='bbox 993 4395 1037 4443; x_wconf 90' lang='lat' dir='ltr'><strong>sit.</strong></span> <span class='ocrx_word' id='word_1_453' title='bbox 1075 4394 1169 4461; x_wconf 86' lang='lat' dir='ltr'><strong>itaque</strong></span> <span class='ocrx_word' id='word_1_454' title='bbox 1188 4396 1283 4449; x_wconf 89' lang='lat' dir='ltr'><strong>Sueto-</strong></span> 
     </span>
     <span class='ocr_line' id='line_1_49' title="bbox 137 4475 1284 4552; baseline 0.01 -28"><span class='ocrx_word' id='word_1_455' title='bbox 137 4478 203 4552; x_wconf 84' lang='lat' dir='ltr'><strong>nius</strong></span> <span class='ocrx_word' id='word_1_456' title='bbox 222 4475 308 4526; x_wconf 87' lang='lat' dir='ltr'><strong>etiam</strong></span> <span class='ocrx_word' id='word_1_457' title='bbox 326 4477 356 4527; x_wconf 90' lang='lat' dir='ltr'><strong>in</strong></span> <span class='ocrx_word' id='word_1_458' title='bbox 372 4476 424 4529; x_wconf 89' lang='lat' dir='ltr'><strong>hac</strong></span> <span class='ocrx_word' id='word_1_459' title='bbox 435 4488 576 4545; x_wconf 86' lang='lat' dir='ltr'><strong>pratorum</strong></span> <span class='ocrx_word' id='word_1_460' title='bbox 593 4484 673 4546; x_wconf 89' lang='lat' dir='ltr'><strong>parte</strong></span> <span class='ocrx_word' id='word_1_461' title='bbox 687 4478 900 4546; x_wconf 75' lang='lat' dir='ltr'><strong>Aristophanem</strong></span> <span class='ocrx_word' id='word_1_462' title='bbox 918 4486 1059 4532; x_wconf 87' lang='lat' dir='ltr'><strong>auctorem</strong></span> <span class='ocrx_word' id='word_1_463' title='bbox 1076 4480 1186 4549; x_wconf 83' lang='lat' dir='ltr'><strong>habuit,</strong></span> <span class='ocrx_word' id='word_1_464' title='bbox 1206 4485 1284 4537; x_wconf 89' lang='lat' dir='ltr'><strong>cuius</strong></span> 
     </span>
    </p>
   </div>
   <div class='ocr_carea' id='block_1_4' title="bbox 0 0 1516 5002">
    <p class='ocr_par' dir='ltr' id='par_1_5' title="bbox 0 0 1516 5002">
     <span class='ocr_line' id='line_1_50' title="bbox 0 0 1516 5002; baseline 0 0"><span class='ocrx_word' id='word_1_465' title='bbox 0 0 1516 5002; x_wconf 95' lang='lat' dir='ltr'><strong> </strong></span> 
     </span>
    </p>
   </div>
  </div>
 </body>
</html>
