2964 5002
582 388 623 429 ne
647 389 734 431 nuno
757 387 959 430 nousuonvu
1279 369 1338 431 163
1360 432 1362 436 ,

194 559 330 625 corpus,
361 559 404 603 ex
426 536 592 601 Mercurio
613 536 758 620 linguam
781 545 813 601 et
834 536 1045 623 sapientiam,
1067 557 1110 598 ex
1134 533 1261 599 Venere
1284 557 1339 599 uo·

167 635 172 644 ’
193 639 369 726 luptatem,
390 661 433 702 ex
453 637 561 703 Marte
582 637 753 718 feruorem,
774 660 815 702 cx
838 638 917 702 Ioue
937 638 1195 723 temperantiam,
1217 659 1260 700 ex
1281 635 1338 701 Sa·

193 752 291 806 turno
312 739 516 804 tarditatem.
1081 734 1084 743 ’

279 857 409 906 usuale
428 850 481 906 est
494 839 625 905 luminis
646 840 769 905 lunaria
785 842 938 904 circuitus
954 861 993 902 ac
1013 838 1247 923 redintegratio
1267 840 1337 902 siue
1351 835 1361 903 1
1376 830 1450 904 18*

174 968 226 1007 m
241 964 332 1007 noua
351 943 393 1007 ad
411 963 543 1007 nouam.
573 944 698 1029 antiqui
712 951 819 1007 autem
837 942 1004 1006 mensibus
1026 941 1159 1006 nomina
1180 940 1339 1027 quaedam

193 1066 236 1108 ex
255 1044 333 1124 diis,
358 1043 518 1131 quaedam
535 1066 576 1108 ex
597 1045 744 1136 causina,
764 1043 923 1130 quaedam
938 1065 1016 1108 uero
1038 1065 1078 1106 ex
1092 1042 1339 1128 numeroinpo·

193 1156 336 1211 suerunt
365 1146 560 1233 incipientes
584 1167 604 1208 a
626 1144 761 1225 Martio,
790 1147 868 1232 quia
894 1167 936 1210 ex
958 1146 1030 1230 ipso
1061 1145 1138 1208 anni
1162 1145 1339 1208 exorientis

193 1247 348 1313 ordinem
365 1255 589 1311 seruauerunt.
625 1248 710 1311 hunc
725 1257 833 1311 autem
856 1264 1016 1311 unurlvrs
1040 1255 1170 1333 propter
1185 1244 1338 1309 honorem

194 1347 331 1414 Romuli
356 1350 403 1413 sic
424 1348 681 1436 appellauerunt,
702 1350 778 1434 quia
801 1371 874 1412 eum
890 1349 1006 1412 Martis
1026 1348 1130 1411 filium
1145 1369 1216 1411 esse
1239 1347 1338 1411 eredi-

166 1452 330 1519 sderunt.
373 1467 527 1515 Armuuu
549 1471 627 1514 uero
647 1450 736 1515 nullo
756 1451 888 1515 deorum
910 1451 1040 1514 nomine
1058 1449 1117 1514 sed
1139 1449 1179 1513 de
1200 1471 1235 1512 re
1248 1470 1340 1535 prop·

197 1592 271 1658 poris
291 1590 423 1640 amicitur
440 1605 564 1651 accessu,
583 1591 630 1639 sed
649 1596 677 1640 et
695 1589 817 1654 singulos
836 1595 938 1651 motus,
954 1604 1020 1654 quos
1038 1589 1066 1637 in
1085 1588 1213 1637 exercitio
1233 1593 1276 1636 est
1291 1588 1340 1637 ha·

198 1660 303 1716 bitura,
320 1657 460 1723 producit:
479 1659 509 1706 in
527 1658 638 1707 Saturni
657 1658 896 1707 ratiocinationem
911 1661 939 1707 et
956 1655 1189 1722 intellegentiam,
1210 1655 1279 1720 quod
1293 1656 1337 1705 to-

198 1718 329 1793 γιστικὸν
340 1730 369 1775 et
381 1717 560 1791 θεωρητικὸν
571 1732 685 1776 uocant:
699 1726 727 1774 in
740 1725 813 1775 Iouis
826 1726 880 1775 uim
894 1725 1006 1791 agendi,
1019 1724 1089 1789 quod
1101 1738 1259 1787 πρακτικυν
1271 1723 1339 1773 diri·

198 1805 253 1845 tur:
274 1794 306 1843 in
324 1794 422 1843 Martis
440 1794 625 1843 animositatis
644 1794 780 1855 arderem,
801 1793 871 1857 quod
891 1786 1018 1858 θυμικὸν
1040 1797 1226 1858 nuncupatur:
1252 1792 1280 1840 in
1298 1807 1339 1840 so-

198 1863 232 1912 lia
254 1861 399 1912 sentiendi
421 1861 605 1925 opinandique
629 1867 772 1922 naturam,
801 1863 870 1926 quod
893 1852 1066 1926 αἰσθητικὸν
1094 1865 1122 1909 ο1
1146 1853 1341 1924 φανταστικὸν

200 1929 360 1996 appeliant:
383 1928 515 1979 desiderii
537 1945 602 1979 uero
624 1936 738 1989 motum,
763 1929 833 1993 quod
857 1920 1066 1994 ἐπιθυμητικὸν
1083 1934 1211 1989 uocatur,
1236 1927 1265 1976 in
1288 1928 1340 1976 Ve-

199 1999 288 2049 seris:
312 1997 509 2063 pronuntiandi
533 2003 561 2046 et
583 1997 783 2062 interpretandi
807 2013 877 2062 quac
900 1998 1018 2057 sentiat,
1042 1996 1113 2060 quod
1138 1985 1341 2061 ἑρμηνευτικὸν

200 2066 313 2126 dieitur,
332 2064 362 2113 in
378 2064 443 2114 orbe
462 2064 604 2114 Mercurii:
624 2056 745 2129 φυτικὸν
757 2080 831 2128 uero,
850 2065 877 2114 id
893 2070 936 2114 est
947 2070 1073 2113 naturam
1091 2064 1234 2128 plantandi
1253 2069 1281 2112 ct
1294 2079 1340 2112 an·

234 2133 285 2194 ndi
297 2148 423 2198 corpora,
436 2133 465 2182 in
477 2133 602 2198 ingressu
615 2133 689 2198 globi
701 2133 806 2183 lunaris
819 2131 949 2182 exercet!
962 2159 991 2166 -
1005 2132 1041 2181 ci.
1054 2136 1200 2196 praeterea
1210 2131 1339 2181 Plriiastr.

218 2218 233 2252 e
251 2202 332 2251 haer.
347 2217 371 2251 c.
384 2200 502 2259 uxnu,
521 2201 566 2265 qui
588 2201 762 2266 planetarum
778 2201 889 2251 nomina
907 2201 942 2249 ab
961 2200 1090 2249 Hermete
1108 2199 1142 2248 ad
1161 2199 1220 2248 dies
1238 2198 1340 2249 hebdo-

201 2269 290 2320 madis
307 2268 446 2319 translata
464 2283 525 2318 esse
543 2270 637 2331 refert,
656 2267 778 2318 Lobeck.
798 2268 932 2333 Aglaoph.
951 2286 976 2334 p.
995 2264 1054 2315 1133.

288 2332 361 2390 118ο
371 2337 495 2387 isidorus
507 2335 540 2385 de
553 2344 651 2386 natura
663 2352 752 2386 rerum
765 2336 833 2385 1111:
855 2337 905 2385 ‘De
924 2335 1073 2385 mensibus.
1092 2335 1220 2383 Mensis
1240 2342 1291 2384 est

147 2438 152 2445 -
202 2421 334 2456 nouam.
371 2406 449 2454 cuius
467 2403 555 2468 figura
572 2405 728 2470 pierumque
747 2405 827 2454 huius
849 2405 925 2453 uitae
945 2418 1039 2454 cursus
1062 2402 1246 2466 intellegitur,
1271 2418 1341 2465 qnae

124 2488 128 2503 ¹
202 2475 257 2524 suia
281 2472 459 2523 incrementis
483 2473 561 2536 quasi
584 2473 685 2522 mensis
708 2473 849 2538 peragitur
874 2488 906 2521 ac
931 2469 1162 2522 demimrtionibus
1182 2470 1341 2518 (tortissimis

202 2542 375 2591 terminatur.
404 2555 525 2589 mensem
544 2547 633 2590 antem
647 2541 753 2605 antiqui
765 2540 944 2590 definierunt:
964 2537 1097 2601 Quamdiu
1117 2537 1181 2586 iuna
1199 2537 1340 2585 zodiacum

202 2610 336 2659 circulum
345 2608 481 2673 perducit.
495 2608 627 2671 antiqui
640 2615 748 2657 autem
762 2608 881 2672 gentiies
894 2607 1066 2657 mensibus
1079 2605 1213 2654 nomina
1277 2605 1340 2653 ins·

202 2678 357 2727 tituissc.
377 2676 405 2724 in
423 2675 562 2724 codicibus
580 2683 670 2725 autem
683 2683 839 2726 sanctarum
857 2677 1050 2740 seripturarum
1069 2674 1121 2722 xii
1135 2688 1241 2721 menses
1255 2673 1341 2721 inisse

202 2747 268 2794 anni
287 2746 372 2793 etiam
392 2749 456 2792 ante
475 2743 606 2792 diluuium
625 2744 812 2793 ostenduntur.
848 2746 888 2793 sic
908 2745 979 2793 cnim
999 2743 1036 2790 ibi
1055 2742 1168 2807 legitur:
1197 2741 1276 2805 Aqua
1294 2756 1340 2790 au-

201 2822 255 2863 tem
276 2811 453 2862 minuebatur
471 2826 556 2876 usque
575 2812 609 2861 ad
626 2812 797 2862 undecimum
817 2828 944 2861 mensem.
976 2811 1119 2860 undecimo
1139 2816 1229 2858 autem
1249 2824 1341 2858 mense

197 2882 291 2949 prima
309 2879 356 2928 dic
375 2879 478 2928 mensis
496 2886 682 2943 apparuerunt
700 2882 844 2929 cacumina
862 2880 1000 2929 montium.
1032 2880 1072 2928 sic
1092 2879 1162 2926 enirn
1181 2883 1246 2926 tuno
1265 2878 1340 2925 dinu-

202 2949 382 2998 merabautur
400 2961 508 2995 menses
527 2947 598 2996 sicut
617 2952 645 2997 et
662 2963 734 2996 nunc
752 2948 871 2996 sednon
891 2963 957 3012 quos
969 2947 1112 2997 Kalemiac
1132 2945 1179 2994 scd
1198 2961 1264 3009 quos
1277 2946 1342 2994 iuna

202 3023 303 3082 coepta
322 3023 351 3063 et
369 3014 447 3063 finita
466 3004 818 3065 concinuit..l(alen‹ias
836 3022 947 3065 autem
1020 3015 1245 3079 principium,
1271 3015 1343 3078 apud

202 3085 350 3134 iiehracos
363 3087 455 3131 autem
474 3098 507 3130 ex
520 3081 600 3132 lunae
619 3086 759 3133 nascentis
777 3099 897 3134 recursu.
922 3084 1007 3148 apud
1020 3083 1210 3146 Aegyptios
1229 3088 1342 3131 autem

252 3156 474 3200 memoratum
488 3149 559 3199 est*
572 3151 691 3201 isidorus
704 3153 791 3217 origg.
802 3153 824 3201 V
832 3151 874 3213 33,
889 3152 961 3215 isq:
976 3151 1087 3200 ‘Mensis
1100 3165 1196 3198 nomeu
1207 3155 1249 3199 cst
1264 3166 1342 3213 grae-

203 3236 264 3269 cum
283 3220 319 3268 de
337 3218 419 3267 lunae
438 3219 545 3267 nominc
565 3225 689 3268 tractum.
719 3221 784 3269 luna
803 3222 874 3268 enim
892 3214 949 3285 μὴν
968 3236 1068 3283 graeco
1080 3234 1203 3267 sermono
1216 3224 1342 3267 uocatur:

204 3289 275 3338 unde
289 3294 318 3335 et
332 3285 404 3352 apud
418 3285 561 3336 Hebraeos
573 3303 680 3337 aienses
698 3286 814 3351 legitimi
834 3304 885 3336 non
899 3304 932 3336 ex
950 3288 1015 3336 solis
1034 3285 1137 3335 circulo
1155 3285 1202 3334 sed
1216 3302 1248 3333 ex
1261 3286 1342 3335 lunae

205 3372 285 3406 rursu
304 3363 513 3414 enumerantur,
537 3356 582 3418 qni
607 3361 648 3405 est
666 3356 699 3404 de
718 3371 789 3404 noua
808 3356 842 3404 ad
861 3370 968 3405 nouam.
1004 3354 1134 3418 Aegyptii
1153 3358 1244 3402 autem
1263 3355 1342 3418 primi

204 3431 315 3490 propter
334 3422 416 3471 lunae
433 3422 599 3472 uelociorem
617 3438 723 3472 rursum
743 3429 770 3471 et
788 3440 822 3472 nc
842 3440 916 3473 error
934 3421 1143 3486 computationis
1165 3423 1223 3470 eins
1241 3422 1342 3471 ueloci·

205 3499 262 3542 tate
282 3489 425 3541 accideret
444 3505 476 3538 ex
494 3491 559 3540 solis
575 3507 655 3540 cursu
667 3491 739 3539 diem
751 3492 852 3539 mensis
866 3491 1077 3539 ndiuuenerunt:
1097 3490 1223 3552 qrreniam
1241 3491 1344 3540 tardior

205 3561 271 3610 solis
281 3565 371 3608 mistus
383 3557 494 3607 facilius
505 3565 613 3624 poterat
626 3557 837 3622 comprehendi.'
855 3585 883 3592 υ
908 3558 1092 3607 (ienrinnsisa
1116 3558 1184 3607 ,vlz
1204 3550 1342 3624 Μήνέστι

206 3622 308 3694 χρόνος
331 3616 389 3676 α’πό
408 3617 533 3675 συνόδου
552 3617 598 3675 tut
616 3618 753 3686 σύνοδον,
779 3616 798 3690 ἦ
816 3618 873 3675 υἷπὸ
891 3618 1070 3691 πανσελήνου
1089 3573 1135 3676 iia
1154 3621 1341 3692 πανσέληνον.

207 3697 292 3745 Varro
311 3697 342 3744 L.
365 3696 394 3743 L.
414 3694 450 3741 vl
474 3692 516 3742 lo:
536 3695 647 3744 ‘mensis
666 3710 682 3742 a
702 3695 782 3742 liniae
802 3703 875 3743 motu
894 3695 992 3755 dietus,
1011 3694 1073 3742 dum
1089 3694 1123 3742 ab
1143 3696 1198 3744 sole
1217 3697 1343 3760 proserta

207 3780 298 3813 rursus
318 3762 388 3811 rodit
408 3762 442 3810 ad
462 3777 521 3810 eum
540 3762 617 3826 luna,
638 3763 708 3828 quod
727 3761 833 3812 Graece
852 3763 913 3812 oiim
934 3762 1008 3812 dicta
1025 3753 1114 3826 μήνη,
1139 3763 1210 3811 unde
1236 3764 1342 3813 iilorurn

294 3915 303 3964 l
323 3897 470 3959 mercorio
479 3897 518 3957 B¹
534 3893 548 3982 11
564 3901 667 3977 lingua
682 3903 709 3957 B
723 3897 736 3980 11
753 3897 903 3979 sapientei
916 3924 929 3958 s
942 3896 977 3956 A¹
994 3900 1193 3978 sapienteiam
1207 3898 1245 3958 A²
1260 3896 1273 3980 11
1289 3922 1341 3958 uo-

208 3988 362 4047 lumtatem
379 3983 417 4044 B¹
436 3984 450 4065 11
464 3995 481 4046 t
495 3984 552 4044 hac
568 3989 594 4043 B
610 3983 622 4066 11
638 3989 712 4045 remi
729 3988 825 4064 gratio
841 3990 878 4043 ul.
895 3982 938 4067 115
956 4006 974 4042 a
992 4005 1071 4043 mura
1087 3986 1125 4044 ad
1144 4007 1253 4044 notram
1278 4005 1338 4043 cur·

209 4078 338 4132 susceni.
351 4075 480 4130 Griaiins
493 4065 504 4149 1
519 4071 715 4129 adnouatinB
730 4068 743 4154 11
759 4072 939 4150 nominaque
954 4077 976 4127 ,4
992 4066 1005 4151 11
1019 4080 1036 4132 6
1050 4070 1106 4128 diis
1117 4073 1179 4129 suis
1192 4067 1342 4147 Isidnrnsii

210 4179 246 4217 er
269 4159 370 4217 causis
394 4155 583 4217 naturalibus
605 4160 668 4213 elim
691 4160 783 4232 [nime
805 4174 883 4228 serap.
909 4159 939 4212 d.
966 4159 1084 4215 intentes
1106 4152 1119 4238 11
1140 4162 1155 4214 i
1173 4156 1247 4232 ipsi*
1268 4151 1301 4210 ΑΙ
1328 4150 1341 4233 11

209 4245 376 4303 exorientes
393 4240 430 4302 Α1
453 4237 505 4322 118
528 4243 633 4300 martio
659 4239 696 4299 13¹
722 4244 770 4324 119
793 4241 897 4300 romeli
920 4237 1012 4322 1111111
1028 4244 1237 4321 apelianemnt
1260 4242 1312 4296 AB
1330 4235 1342 4317 11

210 4349 263 4408 quo
287 4335 312 4387 A
331 4324 344 4411 11
367 4327 505 4389 fidelium
523 4323 558 4384 Α1
581 4323 595 4408 11
616 4327 809 4386 crediderunt
830 4346 898 4384 esse
921 4329 945 4382 B
966 4323 979 4408 11
1003 4341 1034 4390 10
1055 4348 1127 4386 nore
1152 4320 1204 4405 Λ11
1219 4325 1342 4383 nleonm

210 4434 323 4474 suorum
339 4418 473 4481 Isidorus
488 4408 501 4493 11
517 4411 573 4470 ede
590 4431 622 4470 re
638 4409 674 4470 11²
697 4408 710 4495 11
728 4434 792 4473 rem
809 4410 845 4470 B'

1069 4515 1132 4576 11*
