2964 5002
470 368 516 416 ns
539 373 760 418 enarrantem
784 377 824 416 nr
847 375 1051 420 arreroarevs
1270 353 1329 417 123

193 520 410 608 appellatione
441 521 572 586 Graeca
606 525 754 608 syntaxis
778 523 955 606 uocabarlt3
983 545 1059 588 mox
1091 524 1329 588 controuersias

193 621 338 710 quidem,
362 623 424 687 sed
447 633 506 687 aut
527 624 618 687 fictas
638 635 693 687 aut
715 620 894 689 iudiciales.

273 723 428 789 lllustres
461 725 663 811 professores
692 735 724 790 et
750 748 885 812 quorum
919 729 1075 792 memoria
1106 726 1215 814 aliqua
1242 735 1330 790 extet

195 850 254 891 non
277 840 403 891 temere
424 824 481 890 alii
504 829 706 913 reperientur
729 851 825 914 quam
847 828 1027 915 dequibus
1050 828 1186 894 tradam.

176 946 188 984 s
276 935 482 991 materne
506 945 652 993 esunvs.
697 929 737 993 de
764 930 823 993 hoe
850 929 965 995 Cicero
992 932 1023 993 in
1056 929 1191 1017 epistola
1219 929 1260 993 ad
1284 929 1381 993 tlte

194 1029 376 1094 Titinnium
400 1032 447 1094 sie
468 1029 587 1094 refert:
614 1031 775 1121 ‘equidem
799 1033 953 1096 memoria
978 1042 1088 1112 teneo,
1111 1032 1220 1119 pueris
1239 1031 1381 1117 nobistr)
1451 1056 1454 1063 ·

194 1134 333 1218 primum
353 1131 472 1196 Latine
494 1131 610 1196 docere
634 1135 779 1220 coepisse
800 1132 941 1197 Plotium
956 1134 1128 1220 quendam.
1171 1133 1213 1197 ed
1235 1156 1329 1219 quem

192 1254 262 1296 eam
287 1232 382 1298 fieret
399 1255 589 1315 concursus,
607 1233 693 1321 quod
710 1235 969 1300 studiosissimus
990 1238 1128 1324 quisque
1150 1235 1236 1323 apud
1257 1258 1329 1299 eum

192 1344 418 1417 exerceretur,
442 1334 593 1399 dolebam
616 1336 696 1400 milri
724 1337 810 1400 idem
833 1360 896 1401 uon
913 1336 1020 1402 licere.
1065 1336 1256 1402 continebar
1275 1361 1329 1400 au

164 1446 254 1499 atem
288 1434 555 1501 doctissimorum
580 1437 744 1501 hominurn
777 1439 984 1518 auctoritate,
1015 1439 1070 1524 qui
1102 1439 1332 1503 existimabant

189 1538 331 1602 Graecis
347 1539 636 1603 exercitationibus
659 1538 703 1603 ali
721 1537 835 1602 melius
852 1541 983 1623 ingenia
998 1549 1117 1627 posse’
1148 1541 1233 1605 hune
1255 1565 1330 1605 cua-

189 1640 264 1704 dem
280 1662 413 1703 ——nam
432 1640 614 1704 diutissime
631 1642 715 1704 uixit
734 1679 774 1687 —
790 1639 833 1706 M.
858 1640 990 1705 Caelius
1011 1643 1042 1704 ia
1062 1644 1217 1726 oratione,
1234 1666 1329 1731 quam

188 1764 246 1829 pro
274 1764 311 1805 se
340 1741 437 1805 deni
466 1741 593 1823 habuit,
622 1742 786 1826 significat
808 1742 949 1806 dictasse
971 1743 1122 1808 Atratino
1149 1747 1328 1809 accusatori

187 1866 246 1908 sno
275 1843 459 1924 actionem3
493 1842 723 1931 subtractoque
746 1845 876 1907 nomine
900 1845 1105 1909 hordearium
1134 1868 1207 1910 eum
1226 1846 1330 1912 rheto-

165 1961 257 2011 ¹³rem
277 1944 424 2031 appellat
451 1943 602 2009 deridens
625 1958 661 2008 ut
684 1944 830 2009 inflatum
853 1967 891 2010 ac
911 1946 1016 2015 leuem
1040 1959 1072 2012 et
1093 1947 1271 2014 sordidum.

190 2152 287 2218 quales
312 2159 378 2202 ante
401 2151 565 2202 Ciceronem
588 2152 766 2214 dicebantur,
791 2168 858 2218 quas
881 2153 967 2204 thesis
995 2156 1141 2205 uocabant.
1183 2157 1235 2207 hoe
1259 2159 1330 2207 enim

190 2237 277 2285 genas
296 2221 436 2270 materiae
455 2220 525 2270 adeo
542 2236 641 2270 nouam
660 2228 711 2279 est,
730 2226 759 2270 ut
772 2237 869 2271 nomen
883 2237 988 2287 quoque
1002 2223 1060 2272 eius
1073 2240 1171 2274 nouum
1191 2225 1235 2274 sit.
1267 2243 1329 2275 con-

191 2288 343 2338 trouersias
366 2303 417 2338 nos
442 2288 571 2338 dicimus:
597 2289 694 2338 Cicero
713 2304 813 2338 causas
831 2290 958 2340 necabat.
995 2291 1047 2340 hoe
1066 2307 1130 2342 uero
1150 2292 1264 2342 alterum
1284 2311 1330 2344 no-

191 2373 250 2406 men
270 2356 411 2405 Graecum
431 2355 538 2420 quidem
557 2356 604 2406 sed
624 2357 651 2405 in
663 2357 793 2406 [latinam
807 2358 847 2406 ita
866 2358 1037 2419 translatum,
1056 2366 1087 2408 nt
1105 2376 1152 2424 pro
1165 2361 1266 2410 Latino
1285 2364 1329 2424 sit,

191 2425 377 2484 scholastica3
397 2425 586 2474 controuersia
599 2425 683 2475 multo
702 2426 840 2475 recentius
851 2432 901 2486 est,
920 2427 994 2477 sieut
1007 2428 1067 2491 ipsa
1080 2427 1245 2477 declamatio
1259 2431 1331 2494 apud

193 2493 295 2542 nullum
316 2493 460 2556 arrtiqaum
481 2499 618 2542 allatorem
638 2500 701 2542 ante
722 2491 882 2543 Ciceronem
901 2501 928 2543 et
947 2494 1062 2544 Caluum
1082 2497 1200 2545 inueniri
1219 2497 1329 2561 potest.¹

273 2560 290 2609 5
310 2576 371 2624 sqq.
389 2559 573 2623 Hieronymus
591 2561 634 2610 Ol.
657 2560 713 2620 li&
736 2559 746 2608 l
766 2560 802 2621 (a.
822 2563 894 2617 bodl:
915 2562 1029 2612 ‘Plotius
1044 2563 1139 2612 Gallus
1158 2565 1259 2634 primus
1277 2565 1330 2614 llo-

194 2645 249 2677 mae
269 2629 388 2677 latinam
413 2627 576 2677 rhetoricam
600 2629 705 2688 docuit3
730 2629 762 2677 de
788 2645 840 2692 quo
864 2629 961 2679 Cicero
984 2632 1024 2680 sie
1049 2633 1132 2680 refert
1156 2633 1257 2694 (refret
1278 2633 1330 2694 Bt:

193 2700 323 2745 memoria
352 2705 435 2744 teneo
465 2698 557 2760 pneris
582 2698 661 2746 nobis
690 2697 803 2761 primum
832 2697 917 2746 latine
941 2700 1039 2748 docere
1064 2701 1188 2764 coepisse
1212 2701 1329 2749 Plotium

194 2762 353 2828 quendam'
395 2764 504 2813 Seneca
532 2772 652 2814 controv.
682 2765 709 2813 ll
735 2763 752 2813 8
780 2782 805 2828 p.
834 2764 894 2823 tte,
923 2765 964 2815 ts:
1013 2767 1123 2816 ‘halant
1147 2774 1174 2817 et
1197 2767 1329 2818 Blandum

194 2831 327 2880 rhetorem
352 2840 560 2896 praeceptorem
583 2833 628 2896 qni
652 2848 735 2898 eques
759 2833 896 2882 Romanus
915 2835 1017 2883 lternae
1037 2834 1143 2884 docuit:
1168 2843 1230 2885 ante
1255 2836 1330 2886 illam

195 2900 263 2948 intra
288 2900 436 2947 libertinos
461 2909 654 2966 praeceptores
678 2901 858 2966 pulcerriurae
883 2902 1049 2967 disciplinae
1073 2905 1284 2954 continebantur
1303 2912 1331 2954 et

194 2969 303 3017 minime
323 2967 462 3031 probabili
480 2985 552 3016 more
572 2979 649 3032 turpe
669 2975 729 3017 erat
747 2968 859 3026 decere,
884 2970 953 3033 qaod
972 2971 1114 3020 honesturn
1136 2978 1195 3021 erat
1214 2973 1330 3022 discere.

195 3051 253 3084 nam
273 3037 377 3100 prinam
395 3036 513 3084 onrnidm
533 3037 648 3085 Latinus
667 3036 759 3085 rhetor
772 3037 873 3085 Roarae
893 3039 946 3086 luit
963 3054 1046 3102 puero
1061 3039 1192 3089 (temone
1207 3041 1330 3090 Plotius!

196 3099 383 3162 outrailimms
408 3103 434 3151 ll
458 3104 487 3164 l,
510 3105 556 3152 42:
583 3105 711 3153 ‘Latinos
729 3118 793 3153 nere
812 3104 922 3154 dicendi
940 3113 1133 3170 praeceptores
1153 3111 1280 3158 (extremis
1301 3111 1331 3159 lt·

196 3171 285 3219 Crassi
296 3172 464 3235 temporibus
476 3173 704 3236 eoepisscCieero
718 3180 813 3221 auctor
826 3181 880 3228 est;
892 3189 1002 3237 qaorum
1017 3174 1133 3237 insignis
1146 3178 1261 3226 maxime
1270 3177 1331 3226 l‘lo·

195 3239 245 3288 tius
259 3237 330 3287 fuit!
341 3265 375 3273 —
386 3240 575 3300 Quintilianus
587 3241 624 3289 Xl
643 3240 663 3296 Ι,
681 3240 739 3289 lta:
755 3241 844 3304 ‘idque
856 3249 884 3289 at
897 3241 955 3299 tiae,
970 3244 1014 3305 qui
1028 3243 1061 3291 de
1074 3249 1152 3306 gestu
1165 3245 1333 3310 scripserunt

195 3307 267 3357 circa
291 3314 415 3371 tempora
435 3307 485 3356 illa
503 3309 627 3365 (eeterma
645 3308 790 3370 oratorum)
815 3309 920 3358 l’lotius
938 3310 1117 3375 Nigidiusque
1136 3312 1331 3378 praecipiunt.’

279 3506 289 3556 l
315 3495 522 3574 appellatione
554 3497 674 3556 Graeca
696 3501 739 3555 el
764 3501 911 3556 Schettass
941 3499 1160 3577 appellationes
1190 3520 1281 3577 grece.
1311 3506 1336 3559 V

196 3581 416 3660 appellationes
428 3582 508 3671 greci
527 3584 577 3640 NG
588 3585 700 3658 grdece
716 3604 768 3641 eas
781 3575 1012 3662 appellationesl
1029 3589 1051 3642 L
1067 3581 1078 3666 Η
1096 3587 1233 3663 syntaxis
1257 3590 1331 3649 t'a'G

661 3692 687 3718 ut

197 3733 319 3792 sintaris
337 3736 356 3790 I
369 3734 504 3810 syntasis
525 3738 546 3789 0
564 3736 717 3816 synthesis
735 3740 756 3793 L
776 3739 948 3811 (Pantanus)
966 3733 978 3818 Η
995 3749 1011 3798 ‘2
1028 3739 1114 3796 lictus
1137 3735 1179 3820 [Η
1195 3753 1209 3801 ὁ
1225 3742 1332 3799 lartius

198 3822 217 3874 t
232 3818 244 3895 Η
257 3821 286 3877 in
300 3818 431 3897 epistola
450 3823 559 3877 υηι.1’)Ι
570 3817 583 3901 Η
599 3824 734 3880 llarcum
753 3826 779 3878 N
792 3818 804 3903 Η
820 3824 1013 3883 6'Pitinnium
1033 3827 1106 3882 Vnt}
1112 3828 1132 3880 L
1148 3825 1292 3884 Titinium
1311 3834 1333 3884 0

197 3904 340 3963 'licinium
364 3906 380 3960 l
392 3899 405 3981 Η
422 3906 539 3974 epistole
560 3910 703 3964 Ciceronis
719 3927 773 3965 noa
788 3917 870 3964 relat
886 3905 898 3988 Η
913 3917 927 3970 ἵ
943 3910 1060 3986 cepisse
1085 3912 1106 3964 l'
1121 3905 1133 3988 Η
1149 3913 1183 3966 l).
1201 3912 1332 3971 Plotium

200 3992 244 4048 a'o
257 3989 270 4071 Η
286 4002 303 4051 tl
322 3989 414 4046 miehi
439 3989 463 4041 V
475 3985 487 4070 Η
503 3991 581 4049 idem
601 3991 672 4048 mihi
692 3995 711 4048 L
727 3997 740 4068 Η
759 4001 788 4054 Γ.)
803 3992 925 4051 Caelius
946 3995 1017 4052 NGI
1032 3995 1135 4053 telius
1150 3997 1196 4052 Va
1211 3996 1333 4055 Coelius

201 4076 218 4129 l
232 4072 245 4155 Η
258 4074 354 4160 quadri
379 4076 403 4128 l'
417 4071 430 4153 Η
449 4084 478 4135 13
494 4077 642 4151 significat
660 4080 807 4136 staretur.-
827 4077 1015 4154 signifieabat
1031 4085 1098 4138 libri
1117 4076 1130 4158 Η
1150 4083 1295 4139 Atracino
1311 4086 1332 4138 L

200 4173 210 4225 ’ἶ
225 4179 407 4237 aensatoril
426 4173 439 4252 'J
464 4187 493 4237 ll
511 4198 564 4235 suo
582 4200 620 4236 sn
636 4183 657 4236 G
675 4174 689 4260 Η
710 4182 879 4238 auctionem
896 4183 911 4237 l
928 4178 941 4259 Η
963 4168 1180 4260 subhactoque
1199 4184 1221 4237 G
1236 4176 1248 4260 Η
1265 4181 1331 4239 hor-

201 4261 322 4322 dearimn
343 4267 372 4321 N
385 4262 547 4320 ordiarimn
565 4269 586 4319 t)
602 4265 745 4323 hordeam
762 4269 804 4324 GI
817 4265 1019 4325 hordinariam
1043 4269 1068 4322 V
1079 4265 1262 4325 ordinariam
1279 4268 1301 4323 L
1319 4262 1330 4346 Η

207 4343 217 4377 h

202 4412 316 4460 retorem
336 4405 358 4458 G
