2964 5002
169 348 207 409 12
540 370 583 409 us
606 369 694 409 urnis
718 368 931 410 ruitvsrauavs

165 514 322 598 rioribus,
332 517 398 602 -qui
419 515 452 578 in
475 515 637 578 communi
660 514 839 600 ergasterio
859 524 965 597 erant,
989 517 1112 578 seruire
1130 513 1312 601 dedignan-

165 608 291 698 tur,'se
314 619 403 702 ipsos
426 637 446 678 a
468 616 637 681 comoedia
655 626 904 703 separauerunt,
929 639 966 681 ac
989 618 1036 681 sic
1059 615 1256 709 factumest
1274 624 1314 683 li

166 717 314 804 exemplo
345 716 443 781 semol
469 726 596 803 sumpto
624 739 708 781 unus
731 719 869 803 quisque
892 720 972 782 artis
993 739 1072 782 suae
1094 739 1162 781 rem
1190 718 1312 804 exequi

166 820 310 905 coeperit
328 838 433 904 neque
454 818 488 881 in
509 819 709 884 comoediam
731 820 853 885 uenire.
904 819 998 882 cuius
1024 821 1071 882 rei
1094 819 1312 905 indicia-pro·

167 922 247 985 dunt
269 918 364 985 nobis
386 922 539 1006 antiquae
564 919 766 997 comoediae,
800 921 835 985 itt
857 920 976 1007 quibus
1005 921 1189 984 inuenimus
1219 916 1332 985 ‘actas

166 1023 258 1086 tibiis
291 1020 426 1108 paribus
460 1026 518 1084 'aut
551 1021 720 1107 inparibus
749 1029 807 1085 aut
834 1023 1013 1084 'samonis'.
1063 1022 1194 1106 quando
1224 1025 1311 1087 enim

166 1123 283 1186 chorus
318 1120 471 1203 canebat}
511 1121 650 1186 choricis
685 1123 774 1186 tibiis
807 1121 842 1185 id
876 1131 926 1185 est
962 1121 1157 1186 choraulicis
1189 1124 1313 1188 artifex

166 1224 376 1305 concinebat,
406 1225 440 1285 in
469 1225 595 1287 cantico
625 1232 731 1286 autem
756 1222 954 1310 pythaulicis
984 1224 1209 1310 responsabat.
1253 1224 1312 1288 aed

166 1325 252 1412 quod
276 1325 545 1410 ‘paribustibiis’
567 1324 619 1388 uel
639 1324 832 1410 ‘inparibus'
851 1326 1036 1388 inuenimus
1053 1326 1209 1412 scriptum
1220 1375 1229 1407 ,
1251 1326 1313 1390 hoc

166 1426 331 1512 significat
352 1426 454 1512 quod,
484 1419 652 1512 siquandoss
667 1425 818 1490 monodia
841 1425 977 1511 agebat,
1006 1448 1104 1490 unam
1125 1425 1241 1489 tibiam
1263 1429 1311 1490 in·
1322 1449 1347 1490 α

166 1528 283 1608 flabat,
307 1528 469 1613 siquando
492 1527 646 1613 synodio‚
670 1537 834 1614 utrasque.
855 1553 942 1591 aaa*

125 1709 129 1716 ι
251 1629 405 1716 Satyrica
431 1638 480 1692 est
506 1628 593 1714 apud
617 1627 763 1701 Graeco!
787 1628 915 1711 fabula,
946 1629 979 1691 in
1007 1651 1072 1714 qua
1094 1629 1171 1692 item
1194 1629 1311 1714 tragici

165 1739 280 1817 poetae
299 1752 364 1794 non
387 1729 501 1792 heroas
530 1738 586 1791 aut
608 1751 702 1814 reges
726 1729 784 1794 sed
805 1739 932 1816 satyros
955 1729 1155 1794 induxerunt
1177 1728 1312 1794 ludendi

166 1854 265 1896 causa
292 1829 500 1915 iocandique‚
529 1829 625 1893 simul
649 1840 684 1894 ut
710 1839 875 1917 spectator
905 1832 990 1895 iuter
1019 1852 1071 1894 res
1094 1831 1312 1914 tragicaase

166 1934 296 2019 riasque
325 1940 506 2016 satyrorum
527 1931 606 1995 iocis
629 1941 662 1995 et
688 1930 814 1995 lusibus
835 1930 1066 2012 delectaretur,
1096 1940 1133 1995 ut
1154 1931 1311 2017 Horatius
1322 1954 1345 1994 rs

145 2068 147 2073 .
166 2035 268 2098 sensit
288 2032 339 2111 his
360 2029 526 2095 uersibus:
1219 2022 1220 2025 ’

262 2167 265 2173 ·
293 2133 438 2197 carmine
457 2133 512 2218 qui
535 2133 660 2219 tragico
683 2133 782 2197 uiiem
805 2135 944 2197 certauit
960 2133 1002 2197 ob
1024 2133 1168 2215 hircum,

292 2257 368 2299 mox
392 2235 489 2295 etiam
511 2235 650 2317 agrestis
672 2244 799 2321 satyros
819 2226 957 2299 nudauit
979 2244 1018 2299 et·
1032 2257 1129 2321 asper

294 2334 446 2401 incolomi
468 2335 630 2418 grauitate
652 2338 758 2400 iocum
781 2337 968 2422 temptauit,
990 2354 1027 2401 eo
1052 2336 1137 2424 quod

220 2447 221 2450 ’
294 2436 469 2501 inlecebris
491 2445 562 2500 erat
584 2444 617 2499 et
637 2447 733 2522 grata
753 2426 897 2527 nouitate
919 2437 1096 2502 morandus
1319 2452 1344 2493 ²⁰

295 2546 467 2625 spectator.

256 2711 352 2761 12—21
371 2711 476 2760 Marius
494 2710 652 2759 Victorinus
667 2710 699 2763 11
716 2711 732 2758 4
750 2727 776 2776 p.
795 2710 861 2759 ‘2527
881 2712 911 2759 P.
931 2727 957 2775 p.
979 2709 1027 2759 110
1040 2709 1088 2761 G.:
1106 2710 1249 2776 ‘Saparaat
1268 2726 1311 2760 su-

168 2782 298 2844 tyrhmm,
330 2777 400 2842 quod
429 2779 501 2826 iuter
522 2779 659 2842 tragicum
684 2774 712 2826 'ct
734 2779 868 2827 comicum
894 2778 986 2827 stilum
1011 2778 1129 2827 medium
1153 2778 1204 2828 osi.
1241 2778 1311 2828 haec

168 2848 241 2911 apud
260 2847 381 2896 Graecos
400 2846 477 2896 metri
501 2846 610 2909 species
628 2846 758 2909 frequens
777 2853 819 2894 est
837 2845 887 2895 sub
906 2845 958 2895 hac
977 2845 1149 2895 condicionis
1173 2847 1249 2910 lege,
1282 2852 1312 2895 ut

168 2930 221 2963 non
244 2914 342 2962 heroas
365 2917 413 2960 aut
435 2928 513 2977 rogas
537 2913 585 2961 sed
607 2918 715 2975 satyros
739 2912 867 2974 inducat,
897 2913 1009 2962 ludendi
1032 2913 1196 2977 iucundique
1216 2929 1311 2975 causa,

134 3024 140 3042 q
168 2998 220 3045 quo
239 2980 403 3044 spectatoris
422 2980 528 3029 animus
546 2981 618 3029 inter
635 2981 730 3029 tristes
754 2996 798 3028 res
816 2981 938 3043 tragicas
957 2984 1110 3044 satyrorum
1133 2981 1203 3030 iocis
1222 2987 1250 3030 et
1271 2980 1312 3030 lu·

168 3049 243 3097 sibus
262 3048 412 3106 relaxetur,
438 3047 508 3110 quod
527 3048 658 3096 Horatius
676 3047 719 3096 his
737 3048 863 3097 uersibus
881 3053 1012 3096 testatur:
1047 3043 1174 3097 Carmine
1194 3048 1240 3112 qui
1257 3054 1312 3096 tru-

168 3117 229 3178 gico
248 3141 280 3148 -
299 3113 462 3177 altestatur!
482 3114 638 3163 Euanthius
662 3115 695 3164 de
714 3115 823 3164 fabula:
845 3115 895 3164 ‘Et
916 3114 981 3164 hinc
1004 3114 1103 3165 deinde
1127 3115 1201 3164 aliud
1224 3131 1312 3179 genus

168 3183 293 3244 salsulae,
312 3181 340 3229 id
360 3186 402 3230 est
421 3182 544 3246 satyrica
561 3183 677 3247 sumpsit
696 3183 849 3232 exordium:
874 3198 943 3246 quaa
963 3198 980 3232 a
997 3184 1113 3247 satyris,
1133 3198 1199 3247 quos
1217 3183 1312 3232 illotos

168 3304 259 3311 -----
263 3301 368 3309 .-

255 3364 263 3413 1
285 3354 433 3409 corumuni
449 3341 577 3426 Zarsqins
595 3356 696 3410 vindic.
714 3364 788 3428 trop.
807 3357 889 3412 Rom.
905 3374 936 3427 p.
954 3360 996 3418 ῌ
1005 3378 1014 3410 :
1030 3354 1108 3411 onmi
1125 3355 1212 3409 ΑΒΜ
1222 3364 1249 3411 e!
1266 3375 1312 3412 co-

102 3477 106 3484 ·
167 3443 225 3496 das
249 3439 376 3510 Scioppii
395 3433 412 3517 Η
440 3437 655 3512 ατςεςὶααίοΒ
677 3440 850 3515 magisterio
877 3460 895 3507 ς
919 3433 932 3519 ΗΗ
956 3437 1194 3514 dedignarentur
1219 3444 1313 3497 codsa

168 3525 296 3595 Scioppii
308 3516 322 3603 Η
338 3532 404 3581 'Aac
416 3541 468 3581 om.
485 3524 513 3577 B
527 3516 540 3601 Η
556 3520 573 3583 ’3
589 3522 728 3600 exemplo
740 3523 930 3600 Bextemplo
943 3525 1001 3579 AM
1013 3517 1026 3603 Η
1042 3531 1141 3580 sumtu
1154 3529 1177 3580 Α
1194 3520 1207 3602 Η
1221 3544 1311 3581 unus-

167 3608 296 3687 quisque
314 3628 344 3676 ςι
359 3626 431 3666 usus
446 3607 574 3686 quisque
591 3609 678 3663 ΑΒΜ
691 3603 702 3687 Η
719 3610 848 3686 exsequi
864 3611 916 3664 AB
939 3604 990 3686 Η4
1009 3608 1145 3685 coeperit
1162 3628 1192 3676 ς;
1211 3610 1313 3686 coepit

167 3688 253 3750 ΑΒΜ
267 3686 280 3773 Η
295 3701 311 3753 6
324 3695 440 3751 aaronis
453 3697 476 3748 Α
491 3685 504 3770 Η
519 3699 534 3752 7
549 3690 727 3749 cholauliois
738 3695 824 3748 ΑΒΜ
836 3687 849 3773 Η
864 3701 882 3754 8
898 3692 1092 3769 phithaulicis
1103 3694 1137 3748 Μ
1148 3688 1160 3772 Η
1179 3705 1206 3754 11
1225 3695 1311 3751 utris·

168 3796 227 3856 que
244 3779 271 3833 B
281 3776 439 3857 utriusque
452 3777 510 3833 ΑΜ
521 3769 534 3855 Η
553 3783 583 3835 12
595 3775 738 3854 Satyrion
753 3778 868 3835 Marius
888 3779 1049 3835 Victorinus
1064 3780 1083 3833 ί.
1100 3797 1143 3834 c..·
1159 3780 1313 3858 satyricae.

168 3864 253 3920 ΑΒΜ
266 3856 279 3942 Η
299 3872 329 3921 14
354 3861 535 3938 iucundique
558 3880 575 3928 ς
594 3871 620 3917 ct
639 3862 753 3919 Marius
788 3864 966 3920 Victorinus:
992 3861 1175 3940 iucundique
1200 3866 1288 3920 ΑΒΜ
1306 3860 1314 3940 Η

140 3996 144 4003 .
168 3955 320 4026 spectator
348 3952 371 4004 Α
396 3952 572 4024 expectator
598 3946 632 4001 M
655 3956 834 4023 expectatur
858 3950 882 4003 Β
903 3941 915 4027 Η
940 3958 969 4008 15
1001 3955 1171 4025 satyrorum
1199 3950 1314 4005 Marius

175 4035 353 4090 Victorinus:
370 4041 600 4109 satyrorumque
619 4033 706 4087 ΑΒΜ
720 4039 891 4109 satyrorum
906 4051 1027 4111 quoque
1041 4052 1058 4100 ς
1072 4026 1085 4112 Η
1099 4029 1257 4111 Horatius]
1278 4037 1313 4090 de

168 4127 231 4174 (erte
248 4126 323 4191 poet.
349 4123 406 4174 220
427 4109 440 4195 Η
458 4112 495 4174 ’18
517 4132 587 4170 mox
610 4123 640 4170 et
662 4124 801 4193 asatyros
823 4118 947 4174 nouauit
970 4123 1000 4173 st
1022 4136 1113 4193 asper
1127 4118 1181 4172 ΑΒ
1196 4137 1266 4174 mox
1283 4127 1314 4175 et

168 4211 289 4279 satyros
311 4208 425 4260 nouant
446 4198 535 4276 (corr.
559 4197 698 4274 nouauit)
711 4220 725 4255 s
737 4224 750 4256 a
761 4221 800 4257 s*
820 4198 984 4259 st'coruM
998 4194 1146 4279 {i'ornanit
1157 4205 1201 4258 ed.
1215 4206 1312 4275 princ.

166 4280 175 4360 Η
198 4296 229 4347 19
244 4287 393 4362 grauitate.
412 4304 466 4343 orn.
489 4283 577 4339 ΑΒΜ
589 4278 602 4361 Η
616 4282 754 4342 locumA
773 4284 832 4342 loci
848 4287 908 4341 ΒΜ
927 4280 940 4365 Η
960 4292 995 4343 m
1011 4294 1076 4342 erat
1095 4293 1124 4340 ct
1146 4285 1313 4343 nouitatem

169 4387 271 4426 eorum
290 4380 445 4449 spectator
458 4368 624 4445 (spectatur
638 4367 678 4445 B)
690 4371 777 4425 ΑΒΜ
789 4364 803 4448 Η
818 4369 985 4429 mouendus
996 4372 1040 4426 ed.
1051 4373 1146 4442 princ.
