2964 5002
569 376 611 417 ne
634 374 774 418 sarvam
798 374 906 417 servu
1244 360 1307 424 257

178 545 263 610 neque
283 522 434 587 inuidiae
462 535 519 587 aut
544 524 683 587 iniuriae
711 522 849 585 alicuius
877 531 1005 607 poterat
1026 523 1210 587 obiectione
1231 546 1306 587 eua-

179 646 273 704 mure,
301 626 429 688 crimen
459 622 581 687 diutius
601 625 751 709 nequiuit
775 621 937 688 refellere.
986 625 1096 710 itaque
1122 624 1209 710 quod
1235 637 1306 690 erut

179 725 346 807 dillicilins,
367 724 527 790 ultionem
550 733 741 812 persecutus
763 733 822 806 est,
847 725 926 807 quia
945 724 1169 789 defensionem
1191 747 1301 812 pruos·

176 837 233 891 tere
250 847 316 891 non
333 826 456 913 potuit.

162 1051 171 1088 s
246 1026 349 1093 Canis
370 1027 560 1114 Aegyptius
583 1026 699 1092 lambit
720 1035 752 1091 et
774 1028 870 1113 fugit.
1318 1019 1388 1091 163

244 1247 408 1295 sessores
432 1229 586 1317 galbeoli.
633 1230 694 1294 hae
726 1204 893 1314 genitores
926 1252 1002 1293 suos
1030 1231 1211 1295 recondunt
1239 1232 1302 1295 iam
1323 1224 1388 1295 l64

173 1404 235 1454 nino
251 1404 414 1469 accepimns
432 1402 643 1467 coniectumque
662 1400 754 1465 plagis
773 1417 790 1450 a
806 1417 919 1466 corpore
938 1417 991 1451 non
1010 1403 1160 1453 recessisse
1178 1402 1306 1453 uolucres

173 1478 195 1521 et
209 1472 282 1521 {eras
306 1471 477 1535 abigentem.
514 1470 551 1519 ab
574 1470 631 1519 alio
649 1470 678 1517 in
695 1469 780 1533 Epiro
799 1470 925 1534 agnitum
948 1472 977 1519 iu
1001 1477 1139 1521 conuentu
1161 1486 1305 1536 pereusso-

172 1556 218 1589 σου]
235 1539 340 1589 domini
362 1538 525 1601 laniatuque
549 1543 578 1586 et
599 1535 704 1586 latratu
722 1544 850 1586 eoactum
868 1538 952 1586 fateri
970 1536 1082 1587 scelus.'
1107 1554 1131 1587 o.
1151 1555 1177 1603 q.
1195 1554 1217 1588 s.
1253 1539 1304 1589 lsi·

172 1606 242 1658 dorus
264 1608 352 1672 origg.
371 1606 474 1667 1112,
499 1604 533 1653 25
550 1620 605 1669 sq.:
630 1605 725 1654 ‘Canis
748 1620 847 1653 nomeu
866 1606 995 1654 Latinum
1015 1605 1151 1655 Graecam
1174 1607 1306 1670 etymolo-

171 1677 235 1739 giam
251 1674 364 1725 uidetur
381 1673 496 1723 habere.
532 1672 639 1722 Graece
664 1673 736 1721 enim
754 1665 832 1721 κύων
854 1673 967 1735 dicitur,
995 1673 1063 1722 licet
1081 1675 1191 1738 quidam
1209 1690 1270 1724 eum
1290 1690 1307 1724 a

171 1757 263 1793 muers
280 1740 403 1792 latratus
421 1739 592 1806 appellatum
610 1741 779 1797 existiment,
799 1756 831 1788 eo
845 1740 916 1805 quod
928 1742 1051 1790 insonet:
1071 1743 1142 1791 unde
1154 1749 1182 1790 et
1194 1758 1305 1792 cancre.

170 1810 344 1861 sibilantem
361 1809 495 1875 sagacius
514 1808 638 1857 canibus.
674 1807 735 1872 plus
755 1809 828 1857 euim
846 1822 943 1858 sensus
962 1810 1064 1858 ceteris
1077 1809 1243 1859 animalibus
1257 1809 1306 1860 ha-

170 1878 235 1929 isus.
275 1892 397 1941 namque
419 1876 474 1927 soli
495 1890 547 1925 sus
570 1876 682 1925 nomina
704 1882 919 1939 recognoscunt:
943 1876 1067 1926 dominos
1090 1892 1154 1927 suos
1176 1877 1306 1942 diligunt,

169 1944 330 1997 dominorum
352 1950 431 1995 tecta
453 1943 620 1993 defendunt:
650 1959 698 2007 pro
722 1942 839 1992 dominis
863 1944 920 1993 suis
938 1960 967 1993 se
985 1945 1067 1993 morti
1085 1945 1237 1995 obiiciunt:
1258 1960 1306 1996 uo·

168 2011 279 2064 hntarie
298 2011 336 2062 ad
351 2011 486 2078 praedam
499 2026 560 2061 cnm
577 2011 688 2061 domino
706 2024 755 2059 suo
775 2017 900 2060 currunt:
920 2027 1018 2075 corpus
1036 2013 1139 2063 domini
1159 2015 1202 2061 sui
1220 2015 1307 2063 etiarn

168 2087 295 2131 nortuum
312 2095 369 2131 non
392 2078 559 2144 relinquunt.
599 2093 711 2143 quorum
735 2085 871 2142 postremo
889 2084 990 2129 natura
1008 2086 1063 2139 est,
1089 2087 1166 2129 extra
1183 2080 1308 2131 homiues

171 2162 300 2199 essenon
317 2162 410 2213 posse.
446 2144 610 2196 inconibus
628 2147 680 2196 duo
698 2152 775 2195 sunt:
800 2151 848 2195 sut
866 2147 999 2197 fortitudo
1018 2153 1066 2196 aut
1083 2147 1239 2198 velocitas)

247 2212 299 2269 ttb
308 2214 476 2265 Guilielmus
487 2213 604 2279 Capella
621 2214 655 2263 de
665 2213 777 2262 Auletta
790 2214 818 2263 in
827 2214 932 2264 Lucan.
950 2214 1017 2264 v111
1030 2214 1107 2265 tote
1126 2217 1186 2265 cod.
1200 2216 1307 2266 Vratis-

167 2282 216 2335 lsr.
229 2282 267 2335 ul.
281 2282 443 2335 Schneider.
455 2296 546 2349 progr.
558 2281 672 2331 Vratisl.
688 2279 766 2330 18232
779 2275 880 2347 Belua]
893 2281 1075 2341 ‘corcodilus;
1089 2282 1201 2331 canis’
1256 2285 1306 2333 fu-

187 2352 225 2413 it,
239 2350 311 2402 dicit
323 2348 490 2401 Suetonius)
504 2349 681 2399 -Aelianus
694 2348 728 2397 de
742 2355 843 2398 natura
858 2350 1018 2400 animalium
1032 2350 1068 2397 vl
1082 2349 1127 2399 53:
1144 2343 1183 2399 Oi
1193 2344 1247 2415 pir
1259 2341 1307 2400 ἅλ-

221 2412 308 2477 ariste
325 2412 377 2468 aul
393 2406 470 2467 δίεῖν
487 2413 536 2467 καί
554 2407 721 2481 ἀνιχνεῦσαι
738 2409 773 2465 roi
786 2416 880 2482 θηρία
893 2432 925 2467 σο
951 2416 989 2480 οί,
1003 2410 1033 2467 oi
1044 2409 1076 2464 dl
1090 2408 1240 2479 Αἰγύπτιοι
1254 2434 1307 2482 φυ-

167 2478 462 2551 γεῖνδεινότατοι·σά
493 2476 641 2549 οδνίνσρῖ
658 2482 754 2551 Νείλῳ
768 2478 901 2544 δεδιότας
935 2498 978 2548 γει
990 2476 1043 2548 μὲν
1056 2472 1162 2540 crivotis
1174 2477 1207 2533 τὸ
1220 2483 1308 2547 δίψος

166 2557 249 2620 πιεῖν,
266 2545 364 2621 ἡσυχῆ
382 2544 416 2603 δὲ
433 2500 525 2626 aulis·
537 2544 625 2617 κόρον
642 2554 721 2601 πιεῖν
739 2543 771 2603 τὸ
790 2546 855 2611 δίος
873 2543 908 2603 ori
921 2554 1066 2615 συγχωρεῖ.
1092 2544 1308 2601 zoroastreum

166 2608 199 2673 ori
213 2619 351 2673 πίνουσιν
364 2611 573 2683 insusurres,
596 2611 634 2678 oie
657 2610 696 2669 siv
717 2617 758 2685 μ’
780 2637 806 2668 τι
833 2619 889 2670 τῶν
907 2611 1041 2669 κάτωθεν
1059 2608 1226 2682 α’νερπύσαν
1245 2612 1308 2669 εἶτα

166 2680 324 2755 leandrus
342 2678 464 2746 αυτούς·
483 2677 590 2738 οὔκουν
607 2681 660 2752 τὴν
678 2636 844 2765 pleiz-dno
862 2683 1058 2752 παραθέουσι,
1078 2679 1216 2737 λάπτουσι
1229 2679 1261 2736 δὲ
1274 2686 1311 2752 τῇ

209 2750 217 2769 ’
288 2748 483 2821 ἀρτιάζοντες,
501 2746 539 2814 eie
551 2745 589 2805 civ
608 2753 685 2806 είποι
697 2771 749 2819 τις,
766 2772 785 2821 η
804 2752 853 2805 καί
872 2750 907 2821 νὴ
920 2754 979 2804 Διά
997 2748 1165 2812 κλέπτοντες
1176 2746 1207 2804 τὸ
1220 2746 1307 2818 πόμα.

165 2824 268 2877 Plinius
285 2826 321 2876 N.
340 2824 377 2873 Η.
398 2822 464 2873 Vm
483 2823 545 2873 148:
570 2824 692 2873 ‘Certum
711 2830 753 2873 ost
772 2826 849 2873 iuxta
861 2824 952 2873 Nilum
967 2839 1073 2873 emnem
1087 2824 1223 2873 currentis
1241 2822 1308 2871 lam-

166 2893 240 2955 bere,
270 2909 307 2944 ne
333 2891 533 2942 crocodilorum
557 2891 688 2941 auiditati
710 2892 885 2942 occasionem
911 2889 1085 2956 proebeant)
1129 2890 1271 2940 Phaedrus
1297 2891 1305 2938 l

167 2960 199 3011 ts
215 2962 256 3012 ed.
276 2959 383 3011 Orell.:
446 2986 451 2995 ·

537 3026 630 3077 Canes
649 3033 677 3076 st
696 3027 837 3078 corcodili.

368 3094 493 3145 Consilia
512 3096 558 3159 qui
576 3096 644 3145 derit
661 3111 749 3160 praua
768 3096 859 3145 caut-is
876 3094 1043 3156 hominibus,

368 3169 397 3213 et
415 3162 532 3228 perdunt
550 3179 661 3229 operam
680 3169 708 3212 et
726 3163 885 3212 deridentur
902 3162 1026 3227 turpiter.

368 3230 461 3280 Canes
478 3236 620 3281 curreutes
637 3230 733 3280 bibere
752 3232 780 3279 in
798 3230 861 3279 Nilo
879 3231 998 3292 flumine,

369 3313 386 3347 a
405 3298 552 3348 corcodilis
570 3314 605 3348 ne
623 3299 781 3363 rapiantur,
800 3299 931 3347 traditum
951 3304 1002 3346 est.

370 3366 455 3446 igitur
472 3381 534 3415 cum
553 3382 665 3415 currens
685 3365 781 3415 bibere
798 3367 938 3430 coepisset
957 3367 1045 3426 (sanis,

371 3450 412 3483 arc
431 3434 601 3484 corcodilus:
626 3433 780 3498 quamlibet
798 3434 889 3483 lumbe
908 3433 974 3495 otio,

370 3502 482 3567 †pota‚
502 3501 619 3552 accede:
643 3501 701 3551 noli
720 3503 833 3563 thuere,
857 3500 953 3552 sedulo

370 3569 426 3631 ait3
450 3577 479 3619 at
497 3568 555 3619 noli
573 3570 665 3619 uereri
683 3569 780 3633 iuquit.
818 3575 848 3618 at
866 3568 928 3618 ille:

370 3637 493 3687 facerem
511 3637 633 3699 hercule,

369 3704 424 3755 nisi
442 3721 503 3755 esse
521 3706 620 3755 scirem
640 3705 733 3753 carnis
752 3710 779 3753 te
799 3704 927 3769 cupidum
945 3718 1033 3751 nisae.

250 3770 301 3825 llil
325 3772 417 3821 Schol.
443 3773 524 3822 Beru.
549 3789 642 3836 georg.
668 3773 722 3821 llll
751 3772 793 3820 1⁴:
821 3768 958 3835 Meropes]
985 3770 1156 3834 ‘galbeoli
1181 3778 1211 3821 ut
1233 3777 1313 3835 putat

169 3840 351 3932 Tranquillus.
388 3840 450 3890 hae
475 3842 655 3904 genitores
753 3839 935 3899 nidificat,
963 3845 992 3886 nt
1017 3838 1045 3887 iu
1068 3838 1139 3888 libro
1162 3839 1196 3891 X.
1220 3845 1312 3888 osten-

169 3908 246 3959 ditur.
292 3907 418 3959 lsidours
441 3910 529 3973 origg.
549 3908 603 3957 xll
621 3908 649 3967 7,
670 3908 715 3957 3⁴:
742 3906 877 3971 ‘Meropes
896 3913 925 3954 et
944 3906 1052 3955 eosdem
1073 3907 1179 3970 gaulos,
1200 3907 1246 3970 qui
1263 3922 1312 3969 ps·

170 3984 259 4028 sentes
276 3991 342 4029 suos
361 3977 511 4026 recondere
531 3982 614 4040 atque
630 3975 704 4024 alere
718 3972 865 4023 dicuntur!
901 3973 1006 4022 Probus
1019 3973 1037 4022 l.
1057 3990 1096 4024 c.:
1122 3975 1312 4038 ‘bleropesque

172 4043 296 4111 aliaeque
315 4043 452 4094 uolucres.
487 4045 616 4108 Meropes
639 4043 767 4091 dicuntur
789 4058 857 4091 anes
880 4056 948 4104 queas
972 4042 1000 4090 in
1018 4041 1103 4091 ltalia
1129 4047 1232 4091 uocant
1251 4039 1312 4086 bar-

172 4109 262 4173 baros,
287 4127 403 4178 quarum
420 4128 472 4162 uox
491 4113 556 4191 qnia
576 4110 717 4175 nmltipler
737 4111 813 4173 capit
831 4109 1008 4173 partitionem
1026 4111 1104 4159 noeis
1121 4122 1246 4172 meropes
1265 4120 1312 4169 ap·

172 4178 306 4241 pellantur
330 4195 431 4245 graece
454 4175 512 4229 ιίπσ
535 4178 585 4229 τοῦ
608 4175 747 4295 prorogasti
771 4193 850 4240 (ruem
874 4175 976 4226 Graeci
1004 4184 1119 4233 uocant,
1148 4191 1197 4226 nos
1221 4177 1312 4221 autem

174 4248 347 4309 eruitionem
365 4248 456 4307 uocis,
481 4264 563 4312 qnam
582 4248 663 4295 iidem
700 4260 739 4294 πα
758 4245 854 4293 dicunt
879 4241 1132 4310 ylmooppursuoic!
1168 4239 1312 4302 Philargy-

253 4384 420 4464 5egiptius
435 4388 498 4444 eod.
515 4379 529 4465 ΙΙ
545 4383 623 4460 fugit
640 4385 777 4440 δαίδας.-
803 4381 884 4457 sugit
899 4385 961 4439 cod.

205 4500 323 4536 svrroru
342 4499 406 4534 uer..
1081 4479 1116 4539 Π
