2964 5002
742 393 873 438 PRA'I'VM

391 878 649 957 INCERTI
688 879 1021 956 PRATORVM
1061 878 1231 956 LIBRI

428 1167 430 1172 s
498 1120 625 1180 LIBER
646 1120 706 1180 DE
730 1120 905 1181 daunai}
926 1118 1135 1203 vestivit

237 1300 313 1371 [περὶ
331 1296 478 1371 ὀνομάτων
496 1304 602 1370 κυρίων
620 1300 669 1356 καὶ
688 1298 769 1364 ἰδέας
788 1296 959 1372 ἐσθημάτων
977 1301 1026 1357 καὶ
1044 1298 1238 1373 ὑποδημάτων
1256 1303 1307 1358 soci
1325 1306 1386 1359 τῶν

595 1379 689 1441 ittae
700 1382 745 1448 οἷς
757 1405 800 1448 τις
811 1379 1017 1457 α’μφιέννυται]

79 1533 84 1547 ·
129 1507 199 1580 165
322 1522 496 1588 Suetonius
516 1525 550 1585 in
574 1523 657 1588 libro
681 1523 721 1586 de
742 1543 863 1607 genere
883 1523 1024 1588 uestium
1046 1523 1127 1588 dicit
1143 1523 1208 1588 tria
1229 1545 1303 1589 esse
1324 1547 1384 1609 ge·

238 1644 317 1687 nera
338 1640 568 1687 passsam:
607 1646 707 1688 unum
731 1624 782 1687 dis
804 1632 984 1707 sacratum,
1005 1624 1093 1713 quod
1117 1633 1167 1689 est
1186 1634 1314 1689 tantum
1338 1625 1383 1690 de

236 1747 396 1811 purpura:
437 1724 526 1788 aliud
550 1747 681 1811 regum,
711 1726 797 1812 quod
826 1734 877 1790 est
901 1748 1118 1814 purpureum,
1147 1724 1248 1791 babet
1269 1734 1383 1792 tamen

236 1825 347 1888 album
368 1825 511 1912 aliquid:
549 1827 682 1890 tertium
701 1827 858 1912 augurale
880 1827 921 1891 de
942 1848 1088 1914 purpura
1108 1838 1142 1893 et
1163 1848 1272 1893 cocco.

125 2003 195 2075 166
316 2010 458 2094 Νουμᾶς
486 2000 581 2076 ὁκαὶ
599 2007 798 2097 Πομπήλιος
819 2009 999 2096 δεξάμενος
1023 2005 1233 2096 πρεσβευτὰς
1253 2010 1292 2078 ἐκ
1321 2013 1403 2098 trist

234 2104 343 2196 χώρας
363 2111 431 2176 τῶν
451 2111 644 2196 λεγομένων
668 2114 856 2198 Πελασγῶν
877 2110 1070 2198 φοροῦντας
1088 2107 1261 2198 χλαμύδας
1281 2109 1382 2198 ἐχού-

322 2280 370 2338 165
394 2285 506 2337 Scrrius
528 2287 597 2337 Aen.
621 2288 673 2338 Vll
695 2286 758 2337 012:
791 2288 855 2353 Ipse
879 2286 1018 2350 Quirinali
1047 2284 1155 2354 trabea]
1184 2285 1250 2337 ‘aut
1278 2286 1382 2353 regali,

236 2359 285 2405 aut
307 2371 361 2421 qua
382 2366 448 2405 usus
471 2361 515 2404 eet
531 2354 663 2405 Romulus
685 2354 827 2421 intellige;
850 2355 997 2405 Horatinst
1020 2355 1156 2405 Trabeati
1179 2355 1240 2405 iure
1258 2355 1381 2416 Quirini.

235 2421 422 2473 Suetonius
486 2437 599 2473 cocco.
624 2422 764 2485 Quirinali
776 2438 842 2489 crgo
860 2421 968 2487 rogali)
987 2422 1140 2488 Cinctaque
1153 2419 1274 2489 Gabino]
1295 2421 1381 2473 Gabi·

234 2506 286 2542 nus
309 2493 418 2542 elnotus
441 2495 485 2541 eet
508 2495 575 2556 toga
592 2491 633 2540 eie
657 2491 686 2540 in
709 2495 815 2555 tergum
834 2491 941 2541 reiecta
962 2494 993 2539 ut
1014 2505 1070 2540 una
1088 2490 1148 2540 eius
1171 2490 1278 2540 lacinia
1300 2504 1382 2541 reuo-

236 2566 301 2609 cata
327 2559 464 2608 hominem
491 2558 594 2622 cingat
630 2557 683 2607 hoe
711 2563 801 2609 autem
828 2558 988 2607 aestimanti
1035 2573 1117 2608 enere
1143 2564 1255 2608 ueteres
1282 2558 1382 2609 Latini

235 2641 296 2677 eum
315 2627 431 2677 necdum
450 2641 526 2676 arma
544 2625 680 2675 haberent
696 2626 866 2690 praecinctis
883 2626 956 2691 togis
972 2574 1126 2687 bellabant,
1144 2625 1218 2675 unde
1231 2625 1317 2675 etiam
1329 2627 1381 2676 rni-

235 2695 299 2745 lites
317 2696 345 2743 in
364 2695 509 2758 procinctu
522 2708 583 2743 esse
602 2694 739 2742 dicuntur.
765 2693 817 2743 hoe
836 2708 928 2742 rursus
945 2694 1077 2744 utebatur
1086 2693 1181 2742 consul
1193 2692 1271 2743 bella
1290 2693 1381 2744 indic·

235 2768 310 2811 turus
329 2761 390 2810 ideo
414 2776 475 2809 cum
495 2760 579 2810 Gabii
602 2761 772 2824 Campaniae
796 2761 897 2810 ciuitas
916 2761 1002 2810 sacris
1020 2766 1188 2825 operaretur,
1212 2760 1317 2810 bellum
1335 2777 1382 2812 su·

235 2830 292 2879 bito
312 2829 413 2877 euenit.
450 2834 515 2877 tune
534 2830 609 2878 ciues
628 2829 714 2878 cincti
733 2829 805 2892 togis
823 2829 880 2878 suis
899 2828 933 2877 ab
958 2829 1014 2877 aris
1033 2828 1068 2878 ad
1085 2828 1159 2878 bella
1177 2828 1298 2893 profecti
1316 2833 1383 2879 sunt

236 2903 264 2945 et
282 2896 376 2959 adepti
395 2896 550 2945 uictoriam.
586 2900 698 2960 propter
721 2896 792 2960 quod
816 2910 896 2945 omen
914 2895 964 2944 tali
983 2896 1080 2945 habitu
1103 2911 1212 2960 semper
1229 2896 1383 2946 utebantur

234 2962 376 3013 inbellis.
413 2963 484 3013 uude
507 2963 553 3013 hic
572 2969 646 3013 ortus
665 2961 803 3013 eetmos.‘
839 2962 1190 3013 Serviusden.V11188=
1218 2964 1382 3014 succinctus

235 3028 345 3094 trabea]
364 3033 440 3094 ‘toga
459 3037 502 3081 est
520 3047 654 3094 augurum
672 3030 706 3080 de
725 3047 846 3095 purpura
860 3036 889 3080 et
901 3029 1004 3081 cocco)
1032 3030 1146 3081 Serviue
1159 3032 1228 3080 Aen.
1242 3031 1297 3081 Vll
1317 3031 1380 3081 190:

235 3100 314 3148 ‘Nam
338 3098 430 3148 ancile
455 3104 483 3148 et
505 3099 605 3148 trabea
629 3100 785 3148 communia
808 3105 872 3148 sunt
894 3114 955 3147 cum
974 3098 1051 3147 Diali
1073 3099 1119 3148 uel
1137 3099 1262 3149 Martiali
1287 3115 1382 3149 sacer·

234 3164 363 3216 dotibus.'
392 3165 504 3215 Servius
522 3166 590 3216 Aen.
610 3166 650 3215 XI
667 3165 730 3216 334:
751 3167 949 3215 ‘Romanorum
968 3167 1040 3215 enim
1054 3167 1251 3231 imperatorum
1270 3167 1382 3231 insigne

234 3234 287 3282 fuit
305 3233 376 3282 aella
400 3235 503 3284 cumulis
523 3241 551 3283 et
574 3234 682 3283 trabea.
722 3249 787 3283 nam
809 3233 937 3283 diadema
960 3239 990 3282 ut
1008 3234 1127 3283 aliarum
1150 3235 1276 3298 gentium
1299 3250 1382 3300 roges

235 3318 288 3351 non
307 3301 468 3350 habebant)
498 3303 619 3352 Isidorus
638 3302 726 3365 origg.
746 3302 920 3362 xt'111124‚
939 3301 968 3350 8:
999 3301 1118 3351 ‘'Prabca
1136 3308 1197 3351 arat
1215 3307 1299 3366 togae
1319 3319 1382 3368 spe·

235 3371 293 3419 cies
312 3385 345 3418 ex
364 3385 485 3434 purpura
503 3377 532 3422 et
551 3384 645 3429 cocco,
666 3384 719 3433 qna
738 3370 827 3433 operti
846 3370 1030 3419 Romanorum
1048 3385 1129 3435 reges
1148 3370 1229 3419 initio
1247 3372 1382 3435 procede-

234 3438 310 3487 bant.
347 3436 419 3488 hanc
442 3440 558 3503 primum
581 3436 713 3486 Romulus
737 3437 915 3487 adinuenisse
939 3436 1100 3501 perhibetur
1122 3437 1157 3487 ad
1181 3437 1382 3488 discretionem

234 3506 305 3570 regii
328 3504 449 3554 habitus.
490 3506 588 3554 trabea
612 3510 704 3553 autem
727 3504 817 3565 dieta,
847 3505 917 3568 quod
940 3505 969 3553 in
996 3505 1094 3554 maiori
1123 3504 1214 3569 gloria
1242 3505 1381 3555 hominem

234 3572 409 3623 transbearet
426 3573 478 3623 hoe
497 3579 540 3623 est
557 3572 631 3621 ultra
655 3577 684 3621 et
701 3573 730 3621 in
746 3578 885 3636 posterum
898 3573 1025 3636 ampliori
1038 3572 1175 3637 dignitate
1188 3574 1302 3623 honoris
1314 3575 1381 3624 bea·

234 3647 290 3690 tum
310 3640 436 3689 taceret!
473 3641 509 3690 ef.
529 3640 621 3691 Schol.
640 3640 716 3689 Pers.
733 3640 778 3694 ,ΙΙΙ
796 3638 837 3688 28.

320 3705 369 3759 166
392 3711 510 3758 loannes
528 3707 648 3758 llalalas
666 3724 691 3772 p.
711 3705 758 3758 33:
777 3706 949 3772 Νονμμοῖς
968 3701 1004 3757 dl
1023 3698 1039 3757 ὁ
1057 3704 1119 3757 καὶ
1137 3743 1143 3756 .
1158 3744 1164 3756 .
1181 3743 1187 3756 .
1207 3698 1381 3772 ἐσθῆτος,

232 3770 332 3834 καθώς
344 3767 359 3826 ὁ
373 3767 536 3838 σοφώτατος
551 3767 733 3838 Τράγκνλλος
746 3773 897 3851 Ῥωμαίων
910 3768 1051 3838 ἱστορικὸς
1064 3773 1153 3824 ταῦτα
1165 3770 1381 3840 οννεγράψατο.

233 3843 389 3893 chronicon
407 3843 540 3906 paschale
559 3842 572 3890 Ι
591 3859 617 3905 p.
631 3842 694 3891 217:
720 3840 813 3900 Ουνος
831 3842 1005 3908 Νουμμᾶς
1024 3835 1040 3893 ὁ
1058 3839 1118 3893 καὶ
1136 3879 1142 3891 .
1158 3878 1186 3892 ..
1207 3833 1382 3910 ἐσθῆτος,
1433 3836 1438 3846 “

234 3937 429 3948 -—-———-

320 3990 329 4039 1
355 3979 489 4038 Sitonius
510 3981 614 4035 Daniel
634 3979 648 4061 Η
669 3983 1199 4056 generaesseRepin.1074Paria
1223 3987 1298 4038 7929
1313 3984 1382 4054 Lip-

231 4067 334 4122 siensis
353 4058 367 4143 Η
388 4072 404 4123 2
422 4070 469 4120 cst
481 4097 523 4105 —
537 4073 638 4121 tamen
650 4085 702 4122 om.
719 4068 872 4122 Parisinus
895 4070 969 4122 7959
990 4082 1013 4122 s.
1037 4069 1068 4123 X
1082 4061 1095 4145 ll
1110 4074 1127 4127 3
1143 4064 1260 4143 aliquid
1277 4065 1382 4124 albuin

199 4196 210 4205 .
232 4150 357 4206 mixtum
376 4169 508 4226 purpure
530 4151 628 4205 Poris.
655 4155 728 4206 7959
744 4143 787 4227 lli
811 4169 902 4207 coeco
925 4152 1044 4221 Baetici,
1067 4153 1238 4223 Repr'rrcnsr‘s
1258 4157 1335 4208 1495
1358 4169 1381 4208 s.

232 4236 282 4290 XI
296 4251 386 4290 cuce-o
400 4234 523 4290 mixtum
539 4238 620 4306 orrlpo
635 4227 648 4313 ll
665 4231 817 4307 ὀΝουμᾶς
830 4235 950 4306 Suades,
969 4236 1114 4292 Cedrenus
1125 4232 1274 4308 Νουμμᾶς
1286 4237 1382 4293 Mola·

232 4321 290 4383 las,
305 4319 409 4376 Cluen.
424 4321 528 4391 pasch.
545 4312 558 4399 [1
574 4310 748 4391 Πομπήλιος
766 4320 871 4375 ΟΙινονι.
880 4322 986 4392 pared.
1000 4312 1197 4393 Πομπηϊανός
1215 4321 1350 4378 Molulae
1368 4315 1382 4402 ll

232 4401 427 4473 6φοροῦντας
442 4405 583 4474 Malaios,
603 4404 749 4460 Cedrenus
764 4395 940 4476 φορούντων
960 4406 1063 4462 Cicron.
1078 4406 1180 4477 parole.
