2964 5002
674 353 778 394 carim
800 354 810 392 1
893 413 902 433 ‚
1253 338 1315 398 407

172 504 309 566 Passieni
320 503 424 584 Crispi
436 505 502 564 vita
514 502 635 583 (fragm.
651 503 724 581 71⁸²)
741 503 824 583 apud
838 505 1033 564 scholiastam
1046 506 1203 565 Iuvenalis
1220 518 1314 582 extat,

172 626 257 688 quam
271 605 458 686 Tranquillo
472 603 651 669 0.,Iahnius
665 608 805 680 restituit,
823 605 904 687 quod
917 627 974 666 nec
984 617 1107 687 poterat
1120 607 1212 667 facile
1228 609 1314 668 scho-

171 709 258 769 liasta
276 707 405 769 aliunde
416 707 495 769 benc
509 717 683 769 accuratam
701 708 838 767 notitiam
858 710 996 788 recipere
1012 719 1043 770 et
1057 731 1125 769 eum
1143 710 1314 770 inlustrium

170 811 301 870 virorum
324 808 435 870 librum
452 810 640 871 consuluisse
655 830 747 889 supra
766 810 904 870 vidimus.
937 830 995 870 nec
1016 810 1104 870 deest
1118 819 1227 871 utrem
1243 832 1314 870 con·

170 911 430 973 ieiateousensus
446 930 513 971 cum
536 913 690 990 excerptis
706 913 965 992 Hieronymianis.
1002 931 1082 992 quae
1104 912 1228 993 quidem
1250 915 1315 972 vita

169 1014 242 1074 mira
261 1012 329 1072 fata
343 1012 467 1086 babuit,
491 1032 561 1072 cum
577 1014 744 1072 scholiasta
760 1013 831 1072 Vibi
849 1012 949 1092 Crispi
964 1015 1058 1071 vitem
1072 1034 1113 1073 -se
1136 1014 1312 1074 exscribere

168 1122 299 1195 pataret
338 1114 384 1177 sic
403 1114 582 1187 factumest
602 1125 636 1174 ut
650 1114 733 1192 apud
749 1135 817 1174 eum
834 1115 999 1175 Passienus
1020 1115 1226 1176 vercellensis
1246 1136 1313 1176 esse

168 1212 331 1277 diceretur.
371 1236 452 1297 quac
482 1235 556 1276 vero
578 1216 771 1295 interpolatio
794 1236 862 1275 curn
884 1218 917 1284 iu
935 1216 1022 1276 libris
1042 1216 1224 1276 scholiorum
1246 1212 1313 1277 ccr-

167 1326 258 1398 rupta
279 1326 380 1392 essct,
402 1337 475 1377 ecce
497 1317 582 1377 frana
605 1327 640 1377 ut
661 1319 897 1378 committeretur
916 1319 949 1376 in
976 1337 1069 1377 causa
1090 1318 1157 1377 fnit.
1203 1338 1312 1397 nempe
1343 1321 1346 1327 “

169 1418 322 1498 Georgius
336 1419 430 1479 Valla
450 1419 482 1477 in
501 1417 635 1480 editione
649 1418 742 1478 Probi
762 1420 949 1480 scholiastae
972 1440 1057 1480 suam
1072 1420 1202 1498 patriam
1218 1421 1311 1479 ltalo·

166 1539 231 1583 rum
244 1540 331 1581 more
348 1519 545 1581 decoraturus
559 1502 782 1581 Placentinum
793 1541 863 1581 eum
880 1521 975 1582 fuisse
991 1521 1107 1581 scribit

248 1622 288 1682 In
316 1621 508 1701 praelatione
532 1622 742 1682 historicorum
765 1622 850 1698 libri,
885 1625 972 1684 cuius
991 1623 1108 1683 nullum
1131 1624 1313 1701 particulam

166 1744 257 1802 super
273 1743 345 1784 esse
359 1741 545 1803 magnopere
562 1722 724 1783 dolendum
741 1733 802 1798 est,
829 1725 1028 1805 Tranquillus
1050 1724 1214 1804 primordia
1237 1727 1311 1785 artis

103 1865 106 1870 -
166 1825 332 1887 historicae
354 1823 393 1884 ad
417 1835 551 1885 aetatem
574 1846 669 1906 usque
686 1827 814 1887 Sallusti
838 1829 1001 1887 enarravit.
1044 1837 1078 1886 ut
1093 1829 1186 1886 etiam
1207 1828 1239 1886 iu
1254 1828 1312 1887 lro'c

165 1927 240 1988 libro
256 1947 293 1989 se
305 1927 544 2007 antiquariorum
554 1928 681 2007 ,quidem
695 1928 904 1989 adversarium
914 1929 969 1989 scd
986 1929 1115 1988 eundem
1131 1928 1313 2007 Quintiliani

167 2039 351 2090 sectatorem
363 2027 488 2108 prodat,
511 2029 563 2108 qui
578 2028 693 2089 decimo
710 2030 788 2090 libro
809 2031 926 2090 nullum
948 2031 1095 2115 Sallustio
1110 2031 1311 2111 antiquiorem

165 2130 343 2192 historicum
358 2130 503 2190 studiosis
518 2151 608 2211 quem
625 2131 730 2209 legant
747 2132 1014 2192 commendaverit

247 2233 287 2292 ln
316 2231 513 2312 excerpenda
543 2233 752 2293 historicorum
783 2235 848 2292 vita
872 2233 1080 2312 parcissimum
1104 2234 1313 2313 repraestitit

165 2335 388 2414 Hieronymus,
411 2333 493 2413 apud
515 2354 604 2414 quom
626 2318 703 2394 nibil
725 2335 764 2397 de
780 2335 882 2410 Trogo
906 2334 1053 2412 Pompeio
1078 2335 1312 2395 AufidioBusso

166 2435 300 2497 Servilio
318 2436 461 2521 Noniano
484 2435 643 2498 reseratur.
681 2436 761 2517 quod
785 2435 943 2495 commode
964 2436 1063 2514 possis
1086 2437 1130 2494 sic
1152 2436 1311 2514 explicari,

166 2548 198 2599 ut
212 2539 422 2620 Hieronymus
437 2557 504 2608 cum
521 2538 607 2597 initio
623 2539 874 2616 diligentissimus
891 2538 997 2611 suerit,
1017 2534 1099 2617 quod
1117 2536 1311 2596 multitudine

167 2639 203 2700 de
230 2640 334 2721 poetis
360 2648 392 2700 et
424 2640 595 2700 oratoribus
631 2638 860 2699 adnotationum
886 2639 1123 2711 demonstratur,
1154 2638 1184 2696 in
1210 2637 1311 2698 medio

166 2741 241 2804 libro
272 2739 461 2819 excerpendi
494 2742 634 2802 molestia
664 2741 851 2819 defatigatus
877 2743 908 2800 in
929 2742 990 2801 fine
1015 2739 1135 2799 demum
1160 2740 1226 2799 eius
1257 2739 1310 2799 ubi

167 2845 302 2905 rhetores
322 2843 413 2921 positi
440 2851 528 2902 erunt
556 2842 595 2901 ed
630 2843 789 2923 pristinam
812 2841 1028 2902 adsiduitatem
1051 2863 1085 2902 sc
1106 2842 1308 2902 revocaverit.

167 2965 244 3026 quae
267 2945 463 3025 reliquiarum
484 2943 623 3024 paucitas
646 2944 856 3023 aliquomodo
881 2955 1086 3022 conpensatur
1108 2965 1144 3005 eo
1168 2942 1249 3024 quod
1271 2942 1310 3002 dc
1351 3011 1353 3016 Ι

122 3099 123 3103 ,
167 3067 225 3108 uno
242 3046 390 3106 historico
406 3045 508 3105 Plinio
523 3045 666 3105 Secundo
681 3046 805 3106 uberior
824 3047 933 3105 notitia
948 3045 1076 3123 (fragm.
1094 3045 1150 3125 80)
1170 3046 1201 3104 in
1225 3045 1310 3105 libris

168 3149 229 3209 eins
251 3146 377 3208 residua
409 3157 471 3218 est,
505 3167 595 3227 quam
623 3149 717 3225 ipsius
738 3149 945 3227 inscriptionis
965 3148 1138 3207 testimonio
1161 3168 1201 3206 ex
1233 3147 1311 3206 libro

168 3247 296 3310 Suetoni
319 3248 507 3328 desumptam
532 3268 601 3307 esse
622 3251 742 3308 scimus.
782 3261 917 3309 attamen
946 3269 986 3307 ue
1010 3250 1090 3308 hanc
1113 3250 1236 3329 quidem
1256 3271 1311 3330 pro

167 3351 286 3430 integra
309 3350 477 3410 babeamus
502 3351 568 3409 eius
597 3351 736 3410 condicio
757 3352 891 3430 flagitat,
919 3371 981 3430 qua
1003 3349 1128 3430 quidem
1152 3372 1211 3410 non
1232 3352 1311 3411 nulli

167 3452 252 3513 abusi
268 3460 354 3516 sunt,
372 3453 398 3511 si
413 3461 537 3530 propter
557 3450 710 3510 indoctam
724 3453 921 3526 brevitatem,
939 3463 973 3511 ut
988 3451 1147 3527 dicebant,
1163 3453 1310 3513 Suetonio

167 3553 322 3632 indignam
335 3553 558 3613 iudicaverunt.
589 3553 620 3612 in
640 3553 697 3612 hac
720 3565 820 3614 eutem
837 3555 902 3614 vita
924 3553 1116 3613 contexenda
1131 3554 1200 3634 ipsa
1216 3554 1312 3614 verba

166 3656 291 3716 iunioris
304 3653 401 3729 Plini,
414 3655 465 3733 qui
478 3656 570 3714 etiam
585 3656 688 3714 Taciti
702 3666 806 3715 auctor
817 3657 889 3728 fuit,
902 3665 1025 3715 secutus
1040 3666 1102 3731 est3
1118 3656 1172 3716 sed
1186 3657 1312 3715 curiosi·

167 3765 257 3818 tatem
272 3755 449 3836 Tranquilli
468 3755 552 3814 illius
575 3758 757 3816 testimoniis
778 3778 838 3816 non
854 3766 1026 3817 contentum
1046 3757 1157 3828 fuisse,
1179 3779 1258 3838 qnae
1277 3759 1310 3816 in

166 3857 225 3919 fiae
239 3858 324 3916 vitae
338 3877 368 3936 p.
384 3865 434 3927 93,
450 3864 465 3919 7
480 3878 526 3936 sq.
549 3857 724 3932 traduntur,
742 3858 922 3931 ostendunt,
944 3860 1088 3937 quoniam
1104 3858 1180 3918 nihil
1197 3858 1235 3919 do
1254 3860 1312 3918 isto

165 3978 283 4019 rumore
307 3958 417 4017 Tacito
438 3958 558 4018 Plinius
586 3961 716 4040 scripsit.
755 3980 816 4040 qua
845 3980 878 4019 re
901 3960 1082 4038 conprobari
1104 3961 1311 4038 inscriptionis

165 4062 254 4140 iidem
271 4061 301 4118 in
318 4060 479 4139 propatulo
498 4071 554 4119 est.

248 4162 432 4240 Priusquam
458 4160 496 4220 ad
523 4163 633 4221 librum
665 4162 702 4220 de
729 4162 919 4242 philosophis
943 4162 1121 4241 adgrediar,
1147 4183 1248 4240 pauca
1271 4160 1310 4220 de

164 4263 377 4341 philosophiae
404 4264 561 4324 Romanae
581 4265 707 4324 historia
730 4263 898 4322 delibanda
928 4274 1006 4323 sunt
1054 4265 1184 4340 Augusti
1207 4271 1310 4321 aetate

164 4365 341 4426 Sextiornm
366 4373 451 4426 secta
476 4367 634 4441 extiterat,
658 4366 786 4424 Romani
814 4365 869 4424 illu
892 4365 1016 4446 quidem
1036 4366 1166 4437 roboris,
1199 4372 1233 4422 ut
1255 4365 1309 4426 Se·
