2964 5002
175 363 236 426 208
678 379 808 422 asarum

174 526 342 590 zodiacum
356 524 471 589 lustret
485 534 517 588 et
528 525 658 611 singula
669 527 794 612 (signa)
809 528 944 592 tricenis
956 526 1072 592 diebus
1090 526 1248 614 denisque
1259 528 1320 592 ho·

174 630 220 691 ris
243 649 282 690 ac
304 628 440 690 semisse
464 637 679 710 transcurrat,
707 630 906 693 incremento
929 629 1137 694 dimidiarum
1160 629 1318 694 horarum

174 738 291 815 quarto
302 751 387 793 anno
398 751 498 792 unum
511 729 596 793 diem
608 729 755 817 complet,
767 753 861 816 quem
873 730 1036 795 bisextum
1049 741 1250 816 nuncupant,
1259 733 1318 818 qui

175 831 244 895 dies
269 829 438 894 conficitur
460 853 502 894 ex
523 830 769 917 quadrantibus.
815 853 890 896 nam
917 854 990 896 cum
1018 831 1192 897 duodecies
1216 834 1318 898 semis

174 954 233 996 sex
254 933 349 997 horas
373 933 517 1018 integras
539 933 663 997 faciant
685 934 719 998 id
742 944 792 998 est
812 933 1042 1021 quadrantem,
1070 933 1123 998 hic
1145 935 1339 1023 quadr-anes

174 1045 289 1121 quater
316 1034 432 1099 ductus
460 1034 578 1118 uiginti
606 1043 757 1122 quattuor
784 1035 882 1099 horas
907 1035 1049 1122 perlicit,
1081 1036 1115 1100 id
1144 1044 1317 1103 estunam

174 1137 260 1200 diem
282 1159 355 1200 cum
378 1157 438 1199 sua
452 1146 548 1201 nocte
562 1136 714 1221 complet,
736 1138 823 1202 etin
845 1147 960 1223 quarto
975 1138 1140 1202 bisextum
1163 1148 1200 1203 ut
1220 1161 1316 1226 prae-

175 1238 235 1301 fati
257 1259 369 1302 sumus
391 1236 502 1301 efficit.

70 1405 167 1479 ¹3¹*
260 1392 381 1488 avisari
410 1423 543 1510 quidam
575 1423 840 1511 philosophorum
868 1425 983 1490 dicunt
1010 1426 1177 1512 proprium
1204 1424 1316 1491 lumen

174 1588 205 1632 ut
222 1581 379 1631 obseruatio
402 1580 558 1629 umbrarum
576 1581 635 1630 cius
653 1580 751 1630 redeat
773 1581 807 1630 ad
829 1585 911 1632 notus
933 1583 1032 1647 quinas
1050 1581 1131 1631 annis
1155 1581 1216 1631 dies
1240 1583 1315 1633 adici

174 1663 309 1715 superque
328 1652 453 1713 quartam
471 1653 577 1713 partem
595 1649 659 1698 dici.
696 1663 777 1714 quam
797 1649 830 1698 ob
849 1663 961 1699 causam
979 1651 1075 1715 quinto
1094 1664 1167 1699 nnnc
1183 1665 1257 1700 unns
1275 1651 1314 1701 in·

175 1717 320 1769 tercalaris
338 1716 398 1766 diss
416 1715 539 1776 additur,
566 1722 597 1764 ut
619 1722 769 1782 temporum
787 1718 858 1767 ratio
876 1717 943 1767 solis
960 1719 1055 1767 itineri
1073 1717 1230 1783 congruat!

234 1791 238 1801 “
262 1781 330 1837 idi*
347 1783 505 1833 Scholiasta
523 1783 681 1834 Germanici
700 1801 726 1850 p.
747 1783 807 1834 los:
829 1785 917 1835 ‘Hanc
937 1785 1069 1850 quidam
1087 1785 1314 1852 philosopho·

174 1851 256 1904 rum'
276 1871 299 1904 e.
320 1868 386 1917 qs.
421 1851 600 1901 scholiastam
625 1854 771 1918 asscripsit
788 1853 907 1903 Isidorus
926 1855 1013 1918 origg.
1031 1854 1071 1903 111
1088 1853 1130 1916 5⁸2,
1152 1853 1175 1903 l.
1195 1881 1230 1889 -
1264 1855 1315 1904 lsi·

173 1923 253 1972 dorsis
275 1922 309 1970 do
333 1925 433 1968 natura
456 1935 544 1969 rerum
567 1920 674 1980 xvffl,
702 1920 788 1968 1-4:
820 1921 876 1969 ‘De
900 1920 1002 1971 lumine
1031 1921 1122 1971 trinae.
1164 1922 1213 1971 Ait
1234 1937 1312 1973 seue·

173 1996 216 2040 tus
244 1989 413 2054 Augustinus
440 1987 468 2036 in
498 1986 597 2052 psalmi
625 1988 724 2038 decimi
754 1989 938 2053 expositione:
974 1989 1124 2050 Quaeritur
1152 1991 1238 2052 enim,
1270 1990 1311 2039 in·

174 2058 247 2124 quid,
266 2056 337 2106 undo
355 2055 460 2104 habeat
477 2054 543 2104 luna
561 2055 660 2104 lumen.
690 2056 761 2105 duno
784 2060 891 2105 tautum
913 2057 1057 2122 opiniones
1080 2056 1239 2122 traduntur,
1261 2057 1311 2108 sed

174 2141 244 2191 quae
273 2127 310 2175 sit
337 2124 432 2172 barum
461 2138 563 2182 uorax,
594 2123 705 2173 dubium
729 2125 817 2175 fertur
840 2139 921 2189 posse
945 2139 1107 2189 quemquam
1130 2126 1213 2175 scire.
1255 2125 1311 2175 Alii

173 2209 291 2258 namque
315 2192 410 2241 dicunt
436 2191 606 2256 proprium
634 2207 705 2241 eam
734 2191 861 2242 babere
891 2192 1014 2255 lumen,
1046 2192 1212 2258 globique
1239 2193 1312 2244 eiua

174 2277 270 2313 unam
288 2264 420 2326 partem
438 2273 514 2309 esse
532 2258 732 2322 lucifluam,
751 2260 866 2310 alteram
884 2261 1028 2326 obscuram
1047 2265 1076 2310 et
1093 2261 1156 2311 dum
1169 2265 1314 2312 moueatur

173 2331 201 2380 in
227 2327 330 2381 circulo
349 2343 413 2388 suo,
438 2327 553 2377 candem
572 2332 678 2393 partem
697 2343 750 2392 qua
768 2329 844 2377 lucet
860 2329 992 2393 paulatim
1011 2329 1046 2377 ad
1064 2335 1155 2379 terras
1178 2331 1312 2392 conuerti,

172 2405 203 2447 ut
221 2397 310 2447 uideri
329 2413 345 2445 a
362 2395 442 2445 nobis
460 2396 561 2460 possit,
582 2400 610 2445 ct
628 2395 689 2446 idco
708 2397 783 2461 prius
802 2397 880 2460 quasi
903 2396 1074 2446 corniculato
1092 2397 1196 2447 lumine
1215 2397 1313 2463 fulget.

173 2482 236 2516 nam
255 2470 284 2515 et
301 2465 326 2514 si
343 2465 443 2514 formes
462 2463 546 2529 pilam
570 2480 603 2512 ex
626 2468 706 2528 parte
725 2464 816 2513 media
842 2463 989 2513 candidam
1009 2469 1087 2514 etex
1111 2470 1191 2530 parte
1215 2466 1314 2516 obscu-

174 2551 240 2596 ram,
259 2540 325 2583 tunc
344 2537 528 2596 campartem
547 2546 617 2596 quae
636 2531 754 2580 obscura
778 2537 819 2581 cst
837 2533 860 2580 si
886 2547 976 2580 coram
1001 2532 1089 2581 oculis
1114 2534 1222 2583 babeas
1244 2531 1313 2583 nihil

175 2602 302 2652 candoris
327 2599 460 2665 aspiciam
489 2614 549 2648 curn
575 2601 698 2663 coeperis
721 2600 797 2648 illam
821 2599 967 2648 candidam
990 2607 1095 2663 partem
1118 2601 1256 2666 paulatim
1279 2601 1314 2651 ad

175 2671 269 2720 siculos
288 2673 457 2724 corruerterc,
477 2668 591 2732 primum
610 2667 697 2715 ueluti
717 2683 819 2716 cornua
839 2667 966 2717 candoris
984 2668 1104 2730 uidebis,
1130 2669 1233 2718 dehinc
1252 2682 1314 2718 sen·

174 2741 224 2788 sim
244 2738 360 2796 crescit,
389 2735 476 2783 donec
500 2740 559 2783 tota
580 2750 644 2799 pars
663 2735 784 2784 candens
803 2740 956 2800 opponatur
974 2736 1062 2785 oeulis
1080 2743 1107 2785 et
1126 2735 1195 2786 nihil
1215 2738 1313 2787 obscu-

174 2823 231 2855 rum
251 2805 364 2853 alterius
382 2804 469 2867 partis
489 2803 624 2863 uideatur,
644 2818 724 2866 (prtum
742 2804 766 2852 si
780 2804 868 2851 ‹lcrruo
887 2803 1020 2867 paulatim
1040 2805 1226 2864 conuerteris,
1245 2805 1313 2854 inci·

175 2875 214 2938 pit
227 2873 383 2922 obscuritas
396 2886 529 2935 apparere
549 2876 577 2920 et
595 2871 697 2919 candor
715 2871 809 2929 minui,
829 2872 916 2920 dorice
930 2874 1028 2920 iterum
1047 2872 1081 2920 ad
1100 2888 1204 2921 sturnus
1218 2873 1314 2922 redcat

175 2959 208 2990 ac
227 2941 268 2988 sic
281 2944 354 2987 tutus
374 2940 475 2986 candor
494 2939 528 2986 ab
548 2938 634 2988 oculis
653 2944 795 2987 auertatur
814 2943 841 2986 ct
859 2938 918 2987 sola
931 2939 1030 2989 iterum
1043 2941 1161 2989 obscura
1174 2956 1240 3005 pars
1253 2956 1312 3006 pos-

175 3011 211 3057 sit
229 3007 326 3056 uideri.
364 3007 434 3070 quod
454 3007 512 3055 tieri
530 3007 639 3067 dicunt,
665 3022 725 3055 cum
743 3007 834 3068 lumen
853 3006 935 3056 lunae
953 3008 1062 3056 uidetur
1081 3024 1207 3057 crescere
1227 3024 1312 3073 usque

176 3077 210 3125 ad
229 3076 352 3138 quintam
371 3075 507 3123 dee-imam
526 3079 554 3122 et
573 3090 664 3123 rrrrsas
681 3090 766 3139 usquc
786 3074 820 3124 ad
840 3076 1009 3125 tricesimam
1023 3077 1107 3124 urinui
1121 3082 1149 3124 et
1167 3077 1260 3126 redire
1278 3076 1311 3126 ad
1386 3088 1389 3101 ¹

176 3159 286 3204 cornua,
307 3143 393 3192 donee
412 3144 521 3207 perdtus
540 3142 607 3192 nilril
627 3144 654 3190 iu
674 3159 707 3191 ca
725 3143 794 3191 lucis
813 3149 955 3207 appareat.
993 3150 1021 3192 nt
1033 3151 1129 3192 eontra
1148 3145 1198 3194 alii
1217 3145 1311 3194 dicunt

175 3212 266 3261 lunam
291 3227 344 3260 nou
368 3226 416 3259 siro
439 3211 546 3275 fulgere
570 3210 671 3260 lumine
696 3211 744 3259 sed
767 3227 783 3259 a
806 3210 863 3260 sole
888 3211 1014 3276 accipere
1041 3211 1141 3260 lumen.
1178 3213 1221 3262 sol
1241 3215 1312 3263 enim

174 3279 294 3328 illi‘loco
313 3280 438 3344 superior
461 3283 511 3327 est.
547 3279 611 3327 binc
635 3280 730 3327 euenit
752 3285 782 3327 ut
800 3280 907 3343 quaudo
926 3280 976 3328 sub
996 3278 1043 3328 illo
1067 3286 1109 3328 cst
1132 3286 1213 3344 parte
1233 3296 1313 3347 supe-

175 3349 245 3396 riore
264 3347 365 3405 luceat,
385 3348 514 3395 inferiore
534 3362 597 3396 acro
616 3363 695 3410 quam
715 3347 799 3395 babet
817 3347 851 3395 ad
870 3353 958 3396 terras
971 3348 1087 3396 obscura
1105 3349 1150 3396 sit.
1172 3363 1234 3398 cum
1247 3364 1313 3398 uero

175 3415 271 3464 abillo
290 3415 423 3464 decedere
443 3416 575 3478 coeperit,
595 3415 755 3463 inlustretur
772 3415 854 3463 etiam
874 3432 905 3463 cx
926 3432 959 3463 ea
977 3422 1054 3480 parte
1074 3431 1154 3479 quam
1174 3417 1259 3467 habet
1278 3417 1313 3467 ad

173 3491 261 3533 terras
286 3485 423 3548 incipieus
453 3499 469 3531 a
493 3483 630 3532 cornibus.
677 3483 770 3546 sicque
795 3483 928 3547 paulatim
951 3484 1008 3532 sole
1032 3485 1140 3547 longius
1162 3486 1313 3534 recedente

174 3568 237 3617 pars
256 3553 342 3600 ‹rrrrnis
361 3551 496 3600 subterior
514 3551 705 3612 inluminatur,
733 3551 819 3600 donee-
839 3551 977 3600 afliciatur
996 3553 1090 3615 quinta
1108 3552 1218 3602 decima
1237 3553 1313 3602 luna.

175 3626 236 3685 post
253 3620 393 3668 dimidium
413 3624 503 3668 autem
522 3635 641 3669 mensem
662 3635 721 3667 cum
742 3621 865 3683 coeperit
883 3636 915 3668 ex
935 3618 989 3668 alio
1008 3621 1184 3669 semicirculo
1201 3622 1314 3686 propin-

175 3705 258 3753 quare
278 3688 339 3749 soli,
359 3694 460 3752 quanto
480 3689 567 3750 magis
586 3703 602 3735 a
621 3688 760 3751 superiore
780 3693 857 3750 parte
875 3688 1049 3745 inlustratur,
1070 3693 1147 3737 tauto
1166 3690 1257 3754 magis
1276 3689 1314 3739 ab

175 3773 208 3805 en
222 3763 299 3822 parte
314 3772 394 3820 quam
408 3755 488 3804 terris
503 3757 605 3805 auertit
617 3771 670 3803 non
683 3759 775 3820 potest
788 3756 915 3819 excipere
928 3756 1020 3804 radios
1033 3756 1100 3804 solis
1118 3760 1145 3804 et
1163 3761 1314 3822 propterea

174 3826 283 3874 uidetur
306 3824 475 3872 decrescere.
519 3823 583 3873 illud
602 3825 778 3872 manifestum
798 3829 840 3872 est
864 3828 892 3872 et
911 3823 1026 3873 cuilibet
1044 3824 1202 3874 arlucrtenti
1226 3825 1313 3874 facile

175 3895 328 3956 cognitum,
353 3891 423 3954 quod
446 3891 511 3940 lurra
534 3907 587 3940 nou
611 3896 747 3956 augeatur
773 3892 808 3940 ad
832 3890 926 3940 oculos
950 3898 1057 3941 nostros
1079 3892 1133 3941 nisi
1157 3908 1174 3941 a
1193 3893 1252 3942 sole
1270 3909 1314 3942 re·

175 3960 296 4010 cedendo
316 3975 403 4023 neque
423 3960 560 4008 minuatur
578 3960 632 4009 nisi
652 3959 686 4008 ad
705 3959 789 4008 solem
809 3965 938 4023 exparte
959 3960 1016 4009 alia
1033 3961 1252 4025 propinquando.
1276 3963 1313 4010 ab

175 4028 222 4078 illo
247 4044 312 4091 ergo
335 4027 440 4090 accipit
463 4026 552 4076 lumen
578 4034 605 4076 ct
628 4044 688 4076 cum
713 4027 762 4076 srrb
782 4027 829 4077 illo
848 4033 890 4076 est
913 4044 1020 4093 semper
1043 4029 1144 4093 exigua
1168 4034 1225 4089 est;
1251 4044 1312 4078 eum

174 4112 239 4145 uero
264 4095 298 4144 ab
322 4095 370 4148 illo
394 4094 502 4158 lougius
527 4096 706 4156 abscesserit,
735 4097 765 4144 lit-
788 4094 879 4160 ampla
903 4111 1005 4160 suoque
1029 4096 1133 4144 ambitu
1158 4097 1252 4160 plena.
1288 4099 1313 4146 si

175 4166 245 4213 enirn
266 4180 314 4212 suo
333 4163 434 4211 lumiuc
453 4168 585 4224 uteretur,
605 4180 718 4213 rrecesse
738 4169 797 4213 erat
816 4180 923 4227 semper
942 4180 1002 4212 earu
1021 4180 1081 4214 esse
1095 4164 1240 4228 aequalem
1259 4181 1313 4214 nec

262 4331 270 4379 l
289 4319 377 4395 sigua
395 4321 491 4375 addidi
505 4314 518 4400 ΙΙ
534 4329 550 4379 2
565 4320 690 4377 semisse
707 4319 736 4377 id
755 4327 800 4376 cst
819 4317 943 4377 dimidia
955 4319 1030 4377 hora
1042 4321 1135 4378 Scaea
1155 4323 1250 4386 Germ.
1266 4316 1280 4401 ΙΙ
1296 4331 1315 4383 3

176 4402 339 4462 bissextum
355 4406 448 4461 auare
465 4404 518 4474 (sic
531 4413 631 4479 postca
648 4416 770 4479 quoque)
787 4402 800 4484 J,
816 4417 831 4465 ὑ
849 4403 878 4462 id
895 4415 942 4463 est
956 4409 1074 4479 scripsi:
1089 4404 1169 4463 idem
1192 4408 1287 4465 Bulrle
