2964 5002
601 387 643 431 nn
666 386 806 431 aarvars
829 386 938 429 auirvu
1285 374 1345 436 211

283 535 378 600 Luna
396 536 498 599 terris
524 535 665 600 uicinior
688 544 739 601 est
766 557 862 621 quarn
883 535 931 598 sol
956 535 1026 599 siue
1050 555 1146 620 quam
1168 545 1278 599 cetera
1300 558 1347 599 er·
1361 528 1431 598 131
1443 525 1462 567 ²¹²

206 640 305 703 raetia
322 636 443 705 sidera.
476 637 617 701 undeet
641 636 789 701 breuiore
806 635 884 700 orbe
907 636 1045 700 celerius
1068 637 1197 721 peragit
1219 659 1348 700 cursum

205 762 307 803 suurn.
341 760 420 803 nam
443 740 507 803 iter
521 738 609 825 quod
630 738 678 802 sol
694 739 849 803 trecentis
872 746 904 801 et
924 739 1097 822 sexaginta
1116 738 1260 824 quinque
1282 738 1349 801 die-

202 841 259 905 bus
282 850 316 904 et
336 861 398 904 sex
419 839 511 904 horis
532 840 676 926 peragit,
698 838 777 903 luna
798 839 916 923 uiginti
936 849 1062 925 septem
1085 839 1201 902 diebus
1224 847 1257 901 ct
1276 848 1348 901 octo

182 942 287 1007 eboris
315 942 495 1029 percurrit3
537 939 668 1025 singula
697 962 775 1004 uero
808 941 904 1024 signa
932 939 981 1004 sol
1003 942 1138 1004 tricenis
1171 939 1287 1004 diebus
1317 949 1348 1002 et

199 1042 293 1107 denis
314 1040 406 1107 horis
426 1063 467 1105 ac
484 1042 634 1123 semisse,
657 1040 737 1106 luna
759 1051 866 1104 autem
887 1040 973 1105 binis
991 1041 1106 1105 diebus
1130 1050 1161 1104 et
1181 1042 1268 1105 senis
1292 1041 1347 1105 lie-

196 1144 243 1208 ris
264 1143 362 1207 besse
382 1142 481 1207 unius
497 1141 686 1229 perlabitur.
718 1142 806 1207 unde
825 1142 863 1205 fit
882 1151 919 1206 ut
940 1152 1096 1229 quantam
1115 1144 1214 1229 spatii
1238 1144 1272 1207 in
1294 1166 1346 1208 zo-

196 1244 291 1310 diaco
318 1243 398 1307 lurra
424 1243 494 1327 (die
521 1244 601 1327 uno)
624 1245 786 1331 percurrit
813 1255 939 1308 tantum
969 1244 1015 1308 sol
1046 1244 1201 1308 tredecim
1229 1244 1347 1309 diebus

197 1344 340 1432 expleat.

164 1592 188 1633 a
279 1563 375 1629 tune
396 1562 448 1629 sol
470 1578 630 1629 acumem
657 1566 781 1652 patitur
800 1566 887 1651 quod
908 1565 1026 1629 Latine
1053 1580 1231 1629 uarucrro
1261 1561 1460 1631 ‹tici-135*

195 1674 265 1747 tur,
285 1667 416 1753 quoties
439 1664 520 1730 luna
540 1668 706 1731 tricesima
724 1668 767 1732 ad
789 1668 925 1732 eandem
956 1665 1075 1731 lineam
1099 1689 1164 1754 qua
1185 1665 1234 1732 sol
1256 1667 1346 1732 uchi-

193 1776 248 1833 ror
264 1768 421 1855 peruenit
443 1769 539 1855 eique
557 1788 593 1833 se
614 1769 772 1833 abiiciens
798 1792 870 1834 eum
895 1770 1057 1834 obseurat.
1089 1770 1177 1834 unde
1207 1769 1346 1834 deficere

194 1868 292 1934 nobis
313 1870 463 1953 uidetur,
486 1890 561 1933 curn
583 1871 613 1934 ei
636 1870 726 1935 orbis
747 1869 845 1934 lunae
867 1873 1049 1959 opponitur.

281 2054 354 2113 iti*
364 2057 524 2119 Scholiasta
537 2057 697 2109 Germanici
709 2076 736 2125 p.
750 2058 810 2109 loa:
832 2060 939 2111 ‘Ianua
958 2059 1080 2111 terris'
1096 2079 1119 2111 e.
1135 2078 1160 2126 q.
1174 2078 1195 2109 s.
1210 2088 1242 2095 -
1255 2061 1343 2109 Iside-

194 2140 240 2175 m
251 2126 286 2177 de
299 2131 401 2177 natura
414 2142 505 2175 rerum
514 2126 575 2187 XX,
589 2126 617 2176 l:
636 2127 736 2178 ‘aorem
750 2128 893 2192 sapientes
910 2129 1005 2179 dicuat
1021 2129 1104 2179 altius
1123 2145 1231 2178 ‹errrrore
1250 2128 1342 2178 lunam

194 2198 288 2245 autem
301 2194 455 2261 proximam
469 2209 531 2244 esso
544 2193 655 2245 terrae)
678 2195 797 2245 XVIIII:
819 2194 870 2245 ‘De
884 2195 965 2247 lunae
979 2213 1069 2247 carran.
1088 2198 1196 2246 Lunam
1212 2213 1260 2261 per
1274 2196 1344 2245 alios

193 2266 270 2313 ortus
283 2270 311 2313 et
323 2276 451 2324 occasus,
471 2262 514 2311 ait
527 2261 663 2327 Hyginus,
676 2278 793 2313 necesse
807 2269 849 2313 cst
863 2265 967 2314 nieaeri
979 2281 1033 2314 non
1046 2271 1121 2314 stare
1136 2265 1216 2328 idque
1231 2264 1344 2313 facilius

193 2344 277 2395 quam
289 2330 324 2381 de
337 2330 397 2381 sole
409 2328 479 2379 licet
492 2328 666 2395 intellegere,
678 2331 744 2395 qaia
756 2346 815 2380 eitra
831 2346 847 2379 a
860 2332 919 2381 sole
933 2333 1056 2398 accipiat
1067 2332 1159 2380 lumen
1173 2338 1199 2380 et
1214 2332 1254 2380 ita
1264 2332 1344 2380 notris

192 2394 288 2447 lucere
305 2398 447 2457 uideatur,
465 2412 522 2447 non
540 2402 583 2447 cet
600 2397 712 2447 dubium
731 2414 792 2447 earu
812 2401 916 2449 rnoueri
934 2402 1026 2465 potius
1045 2416 1126 2464 (priam
1144 2403 1228 2448 stare.
1260 2400 1344 2447 'I'er-

193 2466 241 2515 ria
257 2472 372 2515 autem
391 2464 515 2515 uicina
533 2464 612 2515 lurra
628 2465 783 2515 breuiori
797 2467 880 2516 orbe
894 2470 1113 2517 conuertitur
1131 2472 1164 2514 et
1178 2466 1342 2530 iterquod

193 2531 243 2583 eol
261 2534 297 2583 iu
314 2532 440 2582 diebus
463 2531 632 2583 CCCLXV
655 2535 808 2599 peragit,
834 2535 904 2585 ista
921 2552 980 2601 per
999 2537 1148 2597 trigiuta
1167 2533 1242 2581 dies
1267 2550 1343 2597 per·-

194 2602 318 2662 eurrit,
343 2599 416 2650 unde
437 2604 465 2649 ct
484 2601 591 2665 antiqui
610 2617 718 2651 menses
738 2603 765 2650 ia
784 2601 863 2663 luna,
890 2619 976 2652 rruaos
1000 2610 1092 2651 auti-nr
1117 2603 1144 2649 iu
1164 2599 1220 2649 sole
1245 2617 1341 2665 posae-

193 2672 265 2717 mnt.
295 2670 392 2734 itaque
409 2667 478 2717 luna
496 2683 545 2732 per
561 2669 684 2718 tricenos
702 2669 762 2718 dics
780 2670 914 2720 duodenis
933 2668 1041 2720 uiribus
1060 2686 1135 2718 auran
1156 2684 1263 2718 cursum
1283 2685 1343 2733 per-

193 2734 291 2785 ficiens
309 2740 483 2787 consummat
501 2750 602 2785 anuum
620 2737 770 2786 secuudum
789 2738 934 2788 Hebraeos
950 2737 1088 2801 aliquibus
1103 2736 1201 2786 diebus
1216 2737 1342 2797 adiectis,

192 2802 344 2853 seeundum
354 2804 495 2855 Romanos
506 2802 612 2853 bisexto
625 2803 712 2853 semel
724 2805 752 2853 in
765 2806 946 2869 quadriennio
958 2807 1038 2854 urrius
1050 2806 1107 2855 diei
1121 2805 1278 2854 adiectione
1298 2822 1329 2852 eo

193 2869 311 2921 lebrato.
330 2872 411 2921 cuitus
423 2871 509 2920 ctiam
518 2873 675 2935 augmentis
687 2872 927 2938 ‹lecrenrcntisque
939 2875 1008 2923 mira
1020 2874 1137 2937 (paredam
1149 2873 1342 2938 prouidentiae.

194 2942 255 2989 ure
266 2954 346 2989 omne
359 2938 431 3005 quod
441 2938 565 3003 gignitur
577 2938 659 2989 alitur
671 2939 760 3004 adque
772 2942 882 2991 erescit.
908 2958 970 2991 nain
985 2947 1012 2991 et
1023 2942 1135 2991 ‹lelcetu
1146 2942 1205 2991 eius
1218 2941 1342 3005 cosmati-—

194 3010 276 3057 untur
286 3005 422 3056 elimenta
436 3010 466 3055 et
480 3022 610 3071 processu
626 3007 685 3057 cius
696 3022 766 3072 equae
778 3010 881 3058 suerint
895 3010 1039 3059 exinanita
1049 3008 1232 3069 cumulantur,
1243 3014 1274 3057 at
1284 3010 1341 3057 arri-

195 3074 327 3124 mtiunr
337 3074 483 3124 cerebrum
493 3074 700 3137 maritimorum,
710 3076 845 3140 siquidem
857 3076 971 3126 echinus
981 3081 1144 3140 ostreaeque
1157 3078 1184 3125 in
1195 3083 1342 3140 augmento

193 3140 276 3192 lanae
286 3142 427 3208 pleniores
438 3142 553 3207 reperiri
563 3141 708 3191 teruntur)
728 3144 848 3193 Isirlorus
858 3145 946 3210 origg.
955 3143 1042 3193 illae.
1062 3145 1189 3208 Hyginus
1200 3147 1230 3193 l'.
1241 3146 1272 3193 A.
1285 3146 1341 3193 IIII

197 3208 240 3259 ia:
259 3210 378 3261 ‘Lunam
387 3210 447 3260 sole
456 3225 507 3273 per
519 3209 590 3259 alios
603 3215 714 3260 exortus
728 3216 757 3260 et
767 3228 884 3261 occasus
896 3228 1010 3262 necesse
1026 3218 1067 3260 est
1081 3213 1185 3261 moueri
1199 3229 1252 3262 non
1266 3219 1341 3262 stare

194 3276 277 3341 idque
294 3277 408 3327 facilius
426 3292 508 3342 quam
526 3277 559 3327 de
572 3277 630 3328 sole
643 3279 711 3328 licet
731 3279 904 3343 intellegere.
920 3320 925 3332 .
940 3317 946 3329 .
962 3317 968 3328 .
982 3280 1054 3329 harre
1069 3285 1161 3328 autern
1176 3296 1236 3328 eum
1254 3297 1270 3328 a
1282 3280 1341 3330 sole

194 3342 287 3395 lumen
300 3345 426 3410 accipiat
439 3350 468 3393 ct
480 3344 521 3394 ita
533 3346 613 3395 uobis
627 3346 720 3396 lucere
731 3347 868 3407 uitleatur,
883 3364 936 3397 uon
949 3354 990 3397 ast
1000 3347 1152 3396 ritarisiruile
1163 3347 1196 3395 de
1207 3347 1341 3397 tanrenul-

193 3412 232 3462 tia
249 3412 349 3463 causis
358 3412 452 3478 potius
468 3428 528 3461 eam
545 3418 619 3463 stare
636 3429 717 3479 quani
734 3414 858 3464 moueri)
893 3416 1054 3464 atrubrosius
1068 3416 1102 3463 H.
1116 3414 1210 3475 11115,
1230 3416 1276 3464 ¹tt:
1300 3416 1341 3464 ‘Ia

194 3494 283 3529 unos
300 3494 408 3545 queque
432 3480 553 3530 ordinati
574 3488 638 3531 sunt
660 3483 700 3531 sol
726 3488 754 3531 et
777 3483 856 3532 luna:
880 3483 946 3532 luna
970 3499 1020 3548 per
1038 3487 1177 3532 trecentos
1197 3483 1257 3532 dies
1276 3484 1340 3533 ‹liri›-

193 3546 275 3597 denis
291 3548 401 3597 uicibus
418 3563 497 3597 surim
509 3563 616 3599 cirraum
630 3550 781 3599 conficiens
795 3557 966 3601 corisurmuat
984 3567 1084 3600 anruuu
1103 3550 1252 3600 secundum
1265 3552 1340 3600 Ilelr·

193 3630 276 3665 reeca
303 3615 444 3681 aliquibus
471 3616 569 3667 diebus
598 3617 730 3678 adiectis,
762 3619 911 3668 seeundum
941 3620 1077 3668 lteruanos
1107 3618 1227 3666 bissexte
1256 3619 1340 3667 sonrel

194 3683 269 3734 iutra
287 3684 504 3748 quinquennium
522 3685 602 3733 unius
621 3686 676 3734 diei
696 3687 854 3735 adiectione
874 3684 1037 3736 celebmta'
1074 3702 1107 3734 ex
1125 3686 1213 3734 Basili
1232 3686 1293 3736 hex.
1315 3703 1340 3751 p.

193 3748 272 3801 ²90.
307 3768 333 3817 p.
352 3752 394 3801 30.
431 3767 495 3817 pag.
514 3751 590 3802 aas.
626 3753 683 3802 IIII
708 3754 733 3813 7,
753 3753 798 3802 aa:
825 3756 866 3803 ‘Iu
886 3771 937 3819 que
957 3754 1061 3817 graaale
1081 3755 1248 3816 mysterium.
1278 3772 1340 3804 narn

195 3824 224 3869 et
241 3818 367 3869 defectui
391 3820 451 3869 eius
476 3821 680 3885 compatiuntur
703 3822 841 3871 elementa
865 3828 893 3871 et
917 3837 1048 3887 processu
1068 3822 1127 3871 eius
1146 3838 1216 3886 equae
1237 3824 1342 3871 fuerint

195 3886 340 3937 exinanita
359 3887 542 3947 cumulantur,
562 3893 592 3936 ut
611 3889 792 3938 animantium
806 3891 948 3939 cerebrum
963 3895 990 3938 et
1003 3890 1201 3939 maritimorum
1219 3890 1340 3943 luunida.

193 3952 329 4019 annidem
348 3955 487 4021 pleniores
505 3960 613 4005 ostreae
632 3958 748 4021 reperiri
768 3958 893 4007 seruatur
915 3957 1056 4021 multaque
1077 3956 1143 4019 alia,
1164 3974 1223 4006 cuni
1243 3958 1341 4023 globus

194 4020 301 4073 lanaria
318 4020 475 4073 adolescit)
512 4039 545 4073 ex
562 4024 651 4073 Basili
670 4025 732 4074 hex.
753 4042 777 4090 p.
797 4024 830 4074 a)
849 4042 872 4073 e.
892 4041 917 4089 p.
937 4024 969 4073 ai
990 4042 1015 4074 a.
1036 4026 1061 4074 b.

284 4086 353 4144 135*
370 4090 531 4142 Scholiasta
554 4091 712 4141 Gennaniei
738 4110 762 4157 p.
791 4092 851 4141 irat:
881 4094 984 4142 ‘Tune
1009 4100 1101 4142 autern
1125 4090 1289 4156 eclipsin’
1315 4108 1338 4138 e.

196 4172 223 4223 q·
242 4174 266 4209 s.
294 4160 395 4227 repetit
412 4159 534 4209 Isidorus
553 4161 638 4225 origg.
659 4161 699 4210 111
717 4160 758 4207 iri.
796 4160 839 4207 Cf.
859 4159 981 4209 Isidorus
1000 4161 1033 4209 de
1053 4170 1152 4210 aratura
1172 4175 1259 4208 reruni
1281 4160 1338 4207 XX.

196 4229 329 4293 casempsi
346 4228 382 4280 ad
400 4228 512 4293 Fragor.
533 4225 608 4278 131111

282 4402 394 4463 tiserris
409 4405 532 4475 scripsi:
554 4401 645 4458 semis
667 4401 757 4456 ltalde
772 4393 785 4477 l}
801 4410 818 4455 rt
835 4397 883 4455 die
901 4419 961 4456 rure
977 4403 1076 4457 ‹raididr‘

1077 4498 1109 4556 1-1
1126 4493 1144 4530 *
