2964 5002
164 359 227 424 284
691 374 822 417 ranrvu

250 539 437 587 osrnmvn
458 537 651 587 uoxsravu
670 530 703 585 et
722 525 936 604 rnonrorrrr]
958 529 1123 586 ostentum
1145 522 1220 587 eine
1242 542 1314 587 eor-

164 647 243 711 pore
270 625 374 688 solido
403 623 498 687 nobie
529 645 564 687 se
586 623 730 688 ostendit
759 631 791 686 et
817 623 920 686 oeulis
947 633 980 686 et
999 622 1133 687 auribus
1156 624 1314 698 obicitur,

163 736 201 790 ut
223 726 367 790 interdiu
388 727 554 804 tenebrae,
573 733 667 788 nocte
688 723 763 806 lux,
784 723 969 809 prodigium
993 725 1079 810 quod
1100 725 1217 790 solidis
1241 747 1314 789 cor·

165 827 300 913 poribus
317 827 525 912 conspicitur,
546 836 584 890 ut
605 828 639 889 in
654 825 744 890 caelo
759 833 905 888 cometae
921 825 1017 889 stella
1032 835 1090 889 aut
1104 825 1179 909 fax;
1202 849 1316 890 mone·

92 934 95 938 ’
165 939 251 992 ιιιιιιι
273 928 359 1013 quod
380 936 495 991 contra
513 936 663 991 naturam
687 929 753 1011 (est
767 935 824 990 aut
843 930 1009 1007 naturam)
1032 929 1200 1012 cognitam
1219 943 1338 1011 egre-⁸

166 1029 270 1111 ditur,
292 1031 357 1114 (ut)
380 1049 514 1113 serpena
536 1049 609 1091 cum
633 1026 784 1113 pedibus,
807 1028 879 1090 auis
901 1049 976 1092 cum
997 1026 1069 1092 IIII
1093 1029 1168 1093 alia.

136 1223 141 1233 ⁸
166 1183 244 1217 omne
268 1166 431 1217 auditorium
454 1166 540 1216 habet
562 1165 757 1225 scholasticos,
784 1165 803 1214 i.
824 1181 848 1214 a.
872 1167 965 1216 omniu
989 1166 1135 1217 auditoria.
1160 1172 1317 1232 usurpant

166 1240 259 1285 tamen
278 1243 376 1299 poetae
396 1240 424 1284 et
442 1235 496 1287 ista
515 1233 697 1294 confundunt,
721 1238 751 1282 ιιι
769 1233 821 1282 boe
839 1232 901 1283 loco
919 1239 979 1282 tota
996 1250 1045 1300 pro
1065 1234 1192 1285 omnibus
1211 1236 1314 1300 posuit,

167 1309 195 1351 et
208 1309 304 1352 contra
322 1319 371 1367 pro
389 1309 447 1352 toto
460 1317 567 1365 omnem
577 1301 677 1366 posuit,
697 1306 727 1348 ut
746 1305 803 1349 eet:
823 1299 992 1366 Omnemque
1005 1303 1113 1351 reuerti
1126 1318 1177 1366 per
1187 1303 1314 1352 Troiam.

166 1370 284 1420 Statius:
310 1372 346 1420 Et
368 1376 441 1421 totos
464 1370 492 1418 in
515 1384 633 1434 poenam
660 1368 749 1418 ordire
768 1374 898 1433 nepotes,
921 1370 940 1418 i.
960 1384 985 1418 e.
1009 1368 1123 1418 omnes!
1160 1370 1268 1420 Nonius
1286 1387 1313 1435 p.

165 1438 216 1488 445
235 1454 289 1503 sq:
310 1437 407 1487 ‘Omne
426 1443 508 1501 atquo
527 1443 614 1486 toturn
631 1435 727 1484 uolunt
745 1434 857 1499 quidam
875 1451 937 1486 eaeo
955 1437 1119 1496 seiunctum,
1138 1443 1170 1486 ut
1189 1437 1225 1487 ab
1238 1438 1314 1487 omui

165 1505 227 1570 plue
247 1521 307 1555 ease
325 1512 411 1555 totum
429 1509 534 1568 putent,
555 1518 615 1552 eum
634 1503 793 1552 indiscretis
809 1502 883 1552 inter
901 1504 1061 1567 frequenter
1079 1505 1199 1570 positum
1212 1504 1314 1570 legeri-

167 1589 235 1636 mus,
254 1580 283 1622 et
300 1580 442 1637 utrumque
461 1587 522 1621 eum
540 1570 730 1634 significantia
747 1570 947 1621 uniuersitatis.
977 1571 1125 1622 Lucretius
1144 1571 1192 1621 lib.
1212 1573 1240 1622 1:
1258 1572 1313 1622 To-

166 1647 224 1690 tum
243 1641 323 1690 uideo
341 1639 488 1704 perinane
512 1639 570 1752 geri
591 1653 642 1685 res.
687 1637 763 1703 Virg.
782 1639 811 1687 in
830 1638 976 1689 bucolicis:
996 1637 1098 1689 Omnia
1115 1639 1207 1689 uincit
1225 1655 1311 1690 umor.

167 1713 195 1758 et
211 1708 282 1757 idem
301 1722 396 1772 georg.
420 1707 468 1755 lib.
487 1705 516 1754 11
539 1722 545 1753 ι
565 1705 652 1753 Omne
673 1705 742 1755 adeo
767 1720 854 1771 genus
878 1706 905 1755 in
924 1707 1005 1756 terrio
1023 1706 1218 1771 hominumque
1238 1707 1311 1757 ieru-

166 1790 291 1841 rumque,
312 1779 340 1824 et
358 1789 444 1839 genno
464 1786 636 1838 aequoreum,
656 1772 777 1837 pecudes
795 1774 943 1838 pictaeque
960 1774 1095 1835 uolucres,
1115 1775 1145 1823 in
1163 1774 1252 1824 iuriae
1271 1775 1312 1839 ig·

165 1857 281 1906 nemque
300 1846 397 1902 ruunt,
421 1855 497 1890 amor
515 1839 639 1888 omnibus
663 1840 744 1888 idern.
781 1840 854 1889 idem
872 1841 939 1890 Aen.
958 1841 1007 1891 lib.
1027 1841 1078 1891 VI:
1096 1842 1252 1906 Totamque
1270 1843 1310 1891 in·
1386 1862 1390 1872 ·

166 1910 228 1958 fusa
246 1925 296 1974 per
317 1916 393 1958 artus
411 1910 490 1956 Mens
515 1907 605 1970 agitat
623 1907 722 1956 molem
743 1914 772 1957 et
789 1924 890 1973 magno
907 1925 938 1958 se
957 1925 1071 1974 corpore
1095 1910 1203 1959 miscet.
1246 1908 1312 1974 quid

166 1976 237 2041 quod
256 1981 355 2035 totum,
380 1975 450 2040 quod
472 1973 532 2037 plna
550 1978 676 2037 putatur,
702 1990 756 2023 non
774 1991 823 2039 pro
842 1981 941 2026 cuncto
960 1976 1063 2025 alieubi
1082 1977 1174 2041 accipi
1201 1977 1312 2041 potest?

165 2044 242 2108 Virg.
262 2058 355 2108 georg.
374 2043 423 2091 lib.
443 2041 498 2090 111:
522 2040 664 2106 'rotasque
683 2042 839 2092 Aduoluere
863 2045 932 2093 iocis
956 2044 1044 2092 ulmos
1063 2044 1176 2109 ignique
1195 2044 1309 2105 dedere;

164 2116 196 2160 ut
213 2112 251 2160 ait
268 2117 341 2159 totas
358 2110 483 2175 integras
502 2124 555 2158 nen
574 2124 676 2167 omnen,
696 2125 766 2174 quae
786 2111 814 2159 in
833 2111 931 2161 mundo
949 2118 1022 2171 aunt,
1041 2109 1148 2160 ulmos.'

251 2177 396 2228 Ostentum
415 2182 563 2226 monstrum
582 2182 610 2225 et
627 2175 791 2242 prodigium]
812 2177 875 2243 Gp.
890 2176 938 2228 103
949 2194 976 2228 n.
990 2176 1054 2227 214:
1075 2178 1233 2229 ‘Ostentum
1250 2178 1310 2229 eine

165 2261 279 2310 corpore
297 2245 411 2296 solidum
430 2259 530 2294 nouum
549 2258 578 2292 ee
597 2244 719 2293 ostendit
737 2251 766 2294 et
783 2244 870 2295 oculis
889 2245 1059 2307 aturribus,
1077 2245 1233 2311 prodigium
1245 2262 1310 2297 uero

166 2314 237 2378 quod
255 2313 351 2363 solidis
369 2329 416 2362 cor
435 2311 527 2362 oribus
545 2312 719 2376 prospicitur,
738 2313 814 2362 utin
833 2313 913 2363 caelo
932 2319 1054 2363 cometes
1072 2319 1121 2362 aut
1132 2312 1217 2363 stella
1237 2318 1267 2364 et
1283 2315 1311 2363 in

166 2387 246 2431 necte
264 2381 320 2441 lux,
339 2329 459 2431 interdiu
477 2378 625 2440 tenebrae;
643 2384 792 2429 monstrum
814 2396 881 2431 uero
904 2384 1001 2431 eontra
1023 2386 1152 2431 naturam
1170 2382 1312 2497 cognitum

167 2448 319 2514 egreditur,
343 2454 373 2498 ιιι
391 2463 505 2512 serpens
523 2462 584 2495 eum
602 2447 718 2513 pedibus
742 2453 790 2497 aut
807 2463 869 2498 cum
887 2453 1015 2513 quattuor
1033 2446 1105 2498 alia)
1140 2447 1206 2499 145
1230 2466 1237 2499 z
1258 2449 1310 2498 ‘in-

167 2521 209 2566 ter
232 2521 388 2581 portentum
413 2521 440 2564 et
464 2519 609 2564 ostentum.
659 2519 815 2579 portentum
844 2516 969 2566 nascitur
991 2522 1020 2565 et
1042 2515 1070 2564 in
1093 2531 1144 2565 ιιιιι
1167 2521 1312 2596 permanet

167 2585 310 2650 qualitate,
330 2589 467 2633 ostentum
486 2597 551 2630 uero
570 2583 659 2632 subito
679 2582 791 2631 offertur
809 2583 896 2633 oeulis
909 2589 937 2633 et
949 2582 1117 2635 subducitur.
1145 2583 1187 2632 sic
1200 2591 1310 2649 porten-

166 2657 223 2701 tum
241 2652 342 2700 dieitur
365 2666 381 2699 a
400 2649 587 2715 portendendo
606 2649 633 2698 id
652 2655 695 2698 est
712 2665 792 2714 porro
811 2649 989 2712 ostendendo,
1010 2651 1082 2699 aieut
1100 2656 1129 2700 et-
1145 2651 1309 2715 prodigium,

167 2720 237 2783 quod
256 2735 334 2783 porro
352 2718 442 2778 dieat,
468 2717 495 2765 id
515 2722 557 2765 eet
575 2717 667 2766 futura
690 2715 723 2764 de
743 2716 823 2780 longe
849 2718 1002 2783 praedicnt.
1040 2723 1188 2767 monstrum
1207 2734 1276 2768 sane
1295 2734 1312 2768 ι
1350 2738 1356 2749 ⁴

167 2788 270 2836 monitu
293 2785 336 2834 uel
357 2785 531 2833 monstrando
551 2784 660 2835 dictum.
681 2783 751 2848 quod
771 2784 876 2848 aliquid
895 2784 1076 2849 significando
1095 2786 1267 2835 demonstret
1285 2794 1312 2836 et

167 2854 268 2903 statim.
307 2854 425 2916 quinque
445 2856 507 2901 sunt
527 2858 617 2901 autem
637 2866 741 2916 genera
759 2853 944 2917 prodigiorum
958 2860 987 2901 ιιι
1000 2853 1086 2901 Varro
1105 2853 1187 2914 dicit,
1208 2854 1311 2903 idest:

166 2925 320 2984 portentum
340 2927 475 2969 ostentum
494 2919 645 2985 prodigium
664 2919 825 2967 mirac-ulum
849 2927 877 2969 et
900 2919 1067 2970 monstrum‘
1104 2921 1200 2969 1457:
1225 2923 1312 2971 ‘Inter

166 2993 319 3052 portentum
341 2994 368 3035 et
391 2992 547 3035 monstrum.
590 2992 744 3052 portentum
764 2989 895 3051 estquod
914 3004 946 3037 ex
966 2989 1059 3037 formio
1078 2988 1195 3037 diuersis
1214 3006 1310 3054 propo·

167 3057 253 3113 nitur,
273 3060 434 3116 monstrum,
460 3055 531 3118 quod
555 3061 633 3104 extra
651 3061 777 3103 naturam
796 3057 933 3112 nascitur,
963 3056 1009 3105 uel
1031 3056 1112 3105 nimis
1136 3057 1242 3120 grande
1266 3056 1311 3107 uei

167 3122 247 3170 nimia
266 3120 369 3170 breue.’
406 3121 550 3186 Appendix
570 3122 604 3171 ad
623 3123 704 3171 Probi
724 3128 811 3171 artem
835 3125 966 3172 minorem
985 3140 1010 3187 p.
1030 3123 1078 3171 447
1101 3139 1128 3172 n.
1152 3122 1200 3172 48:
1226 3125 1313 3174 ‘Inter

167 3193 304 3239 ostentum
323 3196 351 3238 et
369 3197 518 3239 monstrum
538 3195 566 3237 et
583 3190 735 3254 prodigium
756 3194 783 3238 et
796 3196 951 3255 portentum
969 3190 1019 3240 hoc
1034 3192 1158 3251 intereat,
1179 3192 1250 3256 quod
1270 3208 1311 3242 os-

167 3262 272 3305 tentum
292 3261 320 3305 et
338 3263 486 3305 monstrum
504 3258 665 3321 praesentia
688 3263 844 3319 ostentent,
869 3258 1022 3323 prodigium
1042 3265 1135 3306 autem
1154 3265 1182 3307 et
1200 3267 1312 3324 porten-

167 3330 223 3373 tum
242 3325 335 3374 futura
353 3323 529 3389 significent.⁸
540 3351 573 3360 -
591 3326 613 3373 F
627 3341 652 3389 p.
672 3323 734 3373 348:
756 3325 911 3375 ‘Ostentum
931 3326 1001 3390 quod
1014 3332 1123 3390 praeter
1137 3329 1311 3377 consuetudi-

167 3407 228 3440 nem
252 3391 378 3453 offertur,
402 3401 433 3441 ut
456 3397 523 3456 puta
546 3393 570 3442 si
594 3392 720 3441 uideatur
742 3397 815 3440 terra
840 3395 936 3443 ardere
961 3392 1005 3442 uel
1029 3392 1136 3443 caelum
1155 3395 1201 3444 uel
1226 3411 1311 3445 mure..

166 3465 322 3524 portentum
347 3459 417 3524 quod
435 3476 514 3524 porro
534 3467 561 3508 et
583 3460 685 3508 diutius
704 3468 805 3521 manet,
825 3462 999 3524 futurumque
1019 3461 1187 3524 postmodum
1208 3462 1313 3527 aliquid

167 3526 317 3591 significat.
345 3535 494 3576 monstrum
513 3533 556 3576 est
568 3534 664 3577 eontra
682 3533 817 3589 naturam,
837 3535 867 3577 ut
881 3534 923 3578 est
935 3529 1115 3578 Minotaurus.
1147 3531 1312 3593 prodigium,
1360 3556 1364 3561 ·

167 3595 237 3659 quod
257 3611 345 3656 meree
364 3597 487 3653 iaciunt,
505 3611 555 3660 per
573 3595 643 3658 quod
662 3595 853 3645 detrimentum
873 3601 1043 3660 expectatur.
1072 3597 1165 3658 itaque
1186 3598 1232 3660 qui
1252 3614 1313 3662 pre·

167 3664 242 3727 digia
262 3664 368 3713 faciunt
386 3664 493 3728 prodigi
511 3669 652 3711 uocantur.
689 3664 717 3710 in
741 3670 849 3713 ostento
872 3665 974 3713 raritas
999 3664 1209 3713 admirationem
1233 3665 1312 3714 iacit.

167 3733 195 3780 in
216 3739 333 3780 monstro
353 3739 443 3780 rectus
462 3731 527 3779 ordo
545 3737 662 3778 naturae
680 3730 806 3779 uincitur.
843 3733 870 3780 in
889 3737 1015 3795 portento
1034 3731 1159 3779 differtur
1187 3739 1314 3782 euentus.

253 3867 359 3926 toculi
371 3867 404 3921 M
416 3860 428 3944 Η
445 3876 462 3927 3
476 3865 607 3924 interdiu
620 3866 776 3938 tenebrae,
791 3877 881 3925 nocte
896 3870 1032 3926 Rotbius:
1053 3867 1205 3925 interdum
1227 3879 1315 3928 tene·

167 3952 255 4018 brae,
276 3969 334 4007 nox
355 3952 387 4006 M
401 3946 413 4027 Η
429 3960 445 4009 4
461 3951 647 4027 conspicitur
661 3962 694 4009 ut
718 3954 747 4009 in
771 3953 858 4009 caelo
875 3955 1011 4010 delirius:
1037 3952 1067 4008 in
1085 3952 1172 4009 caclo
1189 3957 1313 4032 conspi-

168 4036 245 4093 citur
260 4043 291 4091 ιιι
307 4036 339 4090 M
353 4029 366 4113 Η
382 4045 520 4092 cometae
538 4040 658 4108 scripsi:
679 4046 815 4094 comente
836 4039 866 4094 M
881 4047 1015 4095 cometes
1032 4040 1154 4094 Rothius
1174 4032 1187 4118 Η
1209 4051 1225 4098 5
1242 4060 1313 4098 con-

167 4129 214 4179 tra
240 4128 379 4177 naturam
406 4128 453 4177 cst
475 4129 528 4176 aut
551 4130 691 4178 naturum
713 4124 866 4197 cognitam
892 4127 1011 4195 scripsi:
1046 4131 1153 4179 contra
1172 4132 1313 4182 naturam

168 4205 289 4280 cognitu
310 4205 341 4261 M
357 4200 490 4280 [contra]
513 4213 650 4262 naturam
670 4207 821 4282 cognitam
833 4210 962 4264 Roibiur.
979 4212 1069 4263 idem:
1087 4207 1234 4279 ‘fortusse
1250 4229 1314 4267 mo·

168 4288 238 4345 dum
255 4297 383 4348 naturae
405 4288 563 4362 coguitac’
588 4298 693 4347 contra
710 4301 850 4348 naturam
868 4292 1019 4367 cognitam
1039 4310 1108 4349 esse
1127 4292 1264 4351 creditur
1280 4297 1312 4352 0.

169 4373 289 4429 [abuius
304 4367 317 4456 Ιι
332 4382 349 4435 6
366 4381 400 4431 ut
416 4375 524 4429 addidit
543 4375 665 4431 Rothius
681 4371 694 4452 Ιι
709 4375 775 4432 auis
791 4378 929 4433 Rotdius:
952 4386 1003 4434 aut
1015 4377 1049 4432 M
