2964 5002
110 329 114 338 '
165 320 225 425 l68
588 356 593 364 ·
669 344 797 386 cnsrvu

57 485 123 554 llll
246 491 378 554 Annum
413 499 592 554 uertentem
627 492 749 556 Romae
775 490 921 556 Licinius
955 489 1086 577 quidem
1122 490 1234 555 Macer
1267 499 1300 555 et
1362 512 1367 521 ·

162 603 276 679 postea
298 591 484 655 Fenestella
510 594 617 656 stetim
639 593 680 657 ab
708 595 801 657 initio
824 592 993 657 duodecim
1020 615 1167 656 mensum
1195 593 1299 656 fuisse

165 695 378 780 scripserunt:
423 694 479 756 sed
501 697 605 779 magis
626 695 720 758 lunio
743 694 935 760 Gracchano
962 704 995 758 et
1016 693 1134 767 Fuluio
1160 705 1194 758 et
1217 693 1297 757 Ver·

163 795 234 860 roni
258 806 289 858 et
307 795 460 860 Suetonio
476 794 615 882 aliisque
635 793 849 878 eredendum,
872 798 927 882 qui
948 796 1060 860 decem
1077 817 1227 858 mensum·
1240 819 1297 882 pu·

162 905 314 960 tauerunt
335 896 450 977 fuisse,
472 906 508 961 ut
529 908 606 963 tunc
627 899 766 963 Albanis
788 908 856 962 erat
878 898 964 962 unde
984 899 1045 962 orti
1068 897 1219 962 Romani.
1307 910 1319 946 ὁ

54 991 155 1067 1211*
248 998 419 1062 Ianuarius
446 1021 517 1062 eum
546 998 723 1065 Decembri
751 1003 784 1064 in
814 1000 962 1065 horarum
988 1020 1141 1063 mensura
1167 1021 1299 1064 concor-

252 1150 298 1208 119
318 1153 483 1206 Censorinus
500 1155 534 1206 de
552 1157 595 1206 die
614 1158 704 1207 natali
716 1157 807 1206 XX2:
827 1157 960 1206 ‘Annum
977 1154 1184 1206 uertentem'
1199 1171 1223 1204 e.
1237 1173 1262 1221 q.
1275 1171 1298 1205 s.

163 1248 196 1256 -
214 1222 377 1273 Plutarchus
395 1225 483 1274 Numa
504 1223 546 1274 18:
575 1221 681 1276 Πολλοὶ
700 1219 732 1276 δέ
750 1220 836 1288 εἰσιν,
855 1219 884 1274 οἳ
902 1221 951 1274 uel
969 1222 1162 1286 upocrsd‘vur
1181 1215 1299 1282 τούτους

164 1279 327 1367 ddeepri
345 1285 410 1349 τοὺς
427 1291 519 1357 μῆνας
537 1287 648 1357 λέγουσι
666 1287 716 1344 τόν
728 1308 757 1343 τε
773 1285 951 1356 Ἰανουάριον
969 1285 1080 1343 καὶτὸν
1092 1241 1298 1356 λεβρουοὶοιον,

165 1349 195 1420 ἐξ
213 1358 302 1424 αρχῆς
320 1352 353 1409 dl
371 1358 496 1424 χρσθαι
515 1353 585 1410 δέκα
602 1354 692 1427 μόνον
715 1356 757 1419 εἰς
779 1353 829 1411 τὸν
847 1352 989 1423 ἐνιαυτόν,
1007 1350 1044 1418 ὥς
1068 1354 1139 1410 ἔνιοι
1157 1357 1214 1409 τῶν
1231 1358 1298 1425 βαρ-

165 1416 260 1491 βάρων
277 1423 350 1490 τρισὶ
373 1375 423 1478 κα1
439 1426 495 1477 τοῖν
507 1419 647 1493 Ἑλλήνων
664 1421 792 1493 deperire
809 1422 862 1494 pls
880 1422 1041 1508 τέσσαρσιν,
1062 1420 1095 1490 ’ἐξ
1119 1420 1151 1477 δὲ
1168 1417 1299 1506 {secvri-
1328 1459 1329 1462 =

165 1509 221 1556 νες,
239 1489 405 1560 Αἰγυπτίοις
424 1488 455 1545 δὲ
473 1499 608 1562 μηνιαίος
625 1487 661 1562 ἦν
679 1489 693 1547 ὁ
713 1488 857 1560 ἐνιαυτός,
877 1490 939 1547 εἶτα
956 1510 1140 1561 τετραμηνος,
1160 1511 1199 1553 ως
1218 1509 1298 1561 φασι.

165 1561 270 1613 Gellius
293 1564 334 1613 Ill
360 1562 404 1625 le,
435 1561 477 1612 16:
522 1565 564 1614 ‘ld
593 1581 652 1615 cum
681 1581 732 1630 ego
761 1565 796 1614 ad
825 1565 977 1629 complures
1006 1564 1201 1630 grammaticos
1229 1569 1299 1613 attu-

164 1630 266 1692 lissem,
287 1631 385 1696 partim
405 1647 495 1680 eorum
514 1631 836 1697 disputabant‚.Homeri
853 1648 959 1697 quoque
978 1636 1071 1682 aetate
1089 1632 1173 1681 sicuti
1192 1631 1299 1681 Romuli

165 1713 264 1747 annum
282 1699 367 1748 fuisse
387 1715 439 1748 non
458 1699 600 1750 duodecim
619 1701 818 1751 mensiumsed
836 1699 949 1750 decem)
985 1701 1095 1750 Servius
1112 1716 1204 1764 georg.
1224 1698 1299 1749 143:

166 1765 204 1815 ‘et
221 1766 361 1816 sciendum
374 1766 469 1816 decem
481 1773 587 1819 tantum
599 1784 707 1819 meuses
719 1769 805 1818 fuisse
819 1768 889 1834 apud
902 1765 1037 1819 maiores’
1072 1768 1229 1817 Macrobius
1246 1774 1300 1817 sat.

165 1834 178 1882 l
198 1833 235 1892 12,
253 1832 285 1883 3:
306 1833 395 1901 unni,
405 1841 495 1884 certus
514 1835 606 1886 modus
626 1837 697 1901 apud
715 1836 786 1886 solos
805 1851 912 1900 semper
929 1836 1078 1901 Aegyptios
1091 1836 1152 1885 luit.
1182 1835 1300 1885 aliarum

165 1902 287 1965 gentium
305 1902 409 1966 dispari
426 1918 538 1954 numero
555 1905 615 1969 pari
640 1920 729 1954 errore
747 1904 876 1954 nutabat:
901 1908 929 1953 et
948 1909 978 1952 ut
996 1908 1141 1953 contentus
1158 1904 1210 1952 sim
1228 1904 1300 1953 refe·

165 1968 248 2018 rendo
266 1984 415 2033 paucarum
433 1987 534 2020 morem
552 1973 700 2037 regionum.
720 1973 842 2022 Arcades
862 1987 959 2021 annum
973 1986 1048 2021 suum
1063 1970 1149 2020 tribus
1161 1971 1300 2020 mensibus

166 2035 345 2100 explicabant
361 2037 521 2089 Acarnanes
539 2055 587 2089 sex
607 2040 707 2089 Graeci
725 2040 824 2104 reliqui
847 2040 978 2090 trecentis
1002 2039 1203 2103 quinquaginta
1222 2035 1299 2103 quat·

166 2112 224 2153 tuor
247 2104 344 2155 diebus
367 2120 467 2155 annum
489 2109 624 2172 proprium
655 2107 850 2172 conpetebant,
892 2123 945 2157 nou
968 2107 1052 2171 igitur
1075 2107 1170 2156 mirum
1194 2107 1223 2156 in
1247 2106 1299 2156 bae

164 2171 301 2221 uarietate
325 2173 461 2223 Romanos
484 2190 588 2239 quoque
612 2175 676 2225 olim
700 2179 811 2224 auctore
835 2174 949 2225 Romulo
972 2190 1071 2224 annum
1100 2189 1177 2224 suum
1204 2173 1299 2224 decem
1378 2236 1382 2241 Ι

164 2238 293 2289 babuisse
318 2240 457 2291 mensibus
479 2241 652 2292 ordinatum!
689 2241 797 2293 Solinus
819 2242 909 2308 polyb.
934 2242 947 2292 1
969 2259 996 2307 p.
1014 2239 1043 2292 3:
1068 2241 1193 2304 (Annus)
1214 2242 1300 2308 ‘apud

165 2308 314 2372 Aegyptios
333 2313 460 2374 quattuor
478 2310 617 2361 mensibus
638 2310 850 2368 terminabatur,
877 2310 948 2375 apud
970 2310 1094 2359 Arcadem
1117 2310 1204 2360 tribus
1228 2311 1300 2375 apud
1356 2312 1360 2317 ’

164 2378 325 2426 Acarnanas
343 2393 391 2427 sex
409 2378 439 2426 in
457 2378 541 2428 ltalia
560 2379 631 2444 apud
649 2379 781 2428 Lauinios
799 2378 939 2438 tredecim,
959 2393 1069 2442 quorum
1088 2393 1176 2427 annus
1194 2384 1300 2427 trecen·
1360 2406 1382 2421 ·.

165 2443 201 2493 tis
219 2446 396 2509 septuaginta
416 2450 443 2494 et
467 2451 593 2510 quattuor
611 2446 706 2496 diebos
725 2446 873 2496 ferebatur.
904 2445 1019 2495 Romani
1037 2446 1117 2495 initio
1136 2461 1235 2495 annum
1252 2446 1299 2494 de-

166 2527 224 2560 cem
249 2512 387 2563 mensibus
410 2514 653 2579 computauemnt.’
689 2514 826 2564 Polemios
844 2508 950 2563 'Silvius
972 2529 998 2578 p.
1022 2502 1068 2562 241
1096 2514 1138 2562 ed.
1162 2514 1296 2563 Momms:

167 2579 268 2628 ‘Annus
287 2581 400 2644 primum
419 2582 513 2631 decem
532 2583 663 2631 mensium
687 2583 740 2631 fuit
762 2582 806 2646 qui
825 2585 963 2631 trecentos
982 2586 1011 2630 et
1028 2588 1156 2646 quattuor
1173 2581 1231 2630 dies
1249 2581 1297 2630 ha·

165 2646 262 2706 bebat;
293 2648 359 2699 licet
388 2655 417 2698 ut
441 2657 567 2699 suctores
589 2649 698 2714 plurimi
721 2649 897 2714 prodiderunt
916 2649 987 2714 apud
1005 2650 1155 2713 Aegyptios
1174 2653 1297 2714 quattuor

166 2715 237 2779 apud
256 2716 377 2766 Arcades
401 2718 488 2767 tribus
512 2717 583 2782 apud
607 2718 767 2766 Acarnanes
790 2733 838 2766 sex
856 2717 995 2766 mensibus
1018 2721 1191 2782 computatus
1214 2717 1298 2767 fuisse

166 2783 319 2831 referatur)

253 2848 319 2901 itu*
343 2851 463 2901 Isidorus
486 2852 519 2901 de
544 2857 641 2901 natura
659 2867 747 2901 rerum
766 2852 802 2900 V:
828 2853 883 2901 ‘De
903 2853 1051 2902 concordio
1069 2854 1211 2902 mensium.
1248 2854 1301 2902 Ia·

166 2917 319 2967 nnarius’
338 2935 362 2967 e.
376 2936 400 2982 q.
417 2935 437 2968 s.
459 2918 599 2969 Palladius
612 2921 639 2968 II
655 2919 688 2969 ‘23
701 2921 748 2977 les.
762 2921 829 2969 XIII
842 2920 881 2981 7):
903 2920 965 2968 ‘llic
979 2920 1139 2982 (lanatarius)
1153 2922 1256 2970 mensis
1274 2922 1302 2971 in

165 2985 289 3099 purarum
308 2987 398 3050 spatio
417 3003 476 3037 cum
495 2989 642 3037 Decembri
655 3004 747 3037 mense
765 2989 905 3048 conuenit,
925 3003 1036 3052 quarum
1049 2989 1089 3038 sie
1103 3004 1231 3039 mensura
1248 2990 1302 3040 col-

176 3053 271 3116 igitur:
1138 3095 1140 3100 .

444 3123 539 3171 horaI
605 3130 632 3171 et
649 3124 689 3172 XI
800 3123 883 3187 pedes
902 3123 1034 3172 XXVIIII

442 3190 510 3239 hora
527 3190 555 3239 II
604 3197 631 3239 et
649 3192 673 3239 X
801 3191 884 3256 pedes
905 3191 1012 3241 XVIIII

443 3258 509 3308 hors
527 3258 569 3307 111
604 3265 631 3307 et
649 3259 731 3308 VIIII
801 3259 884 3323 pedes
902 3260 951 3308 XV

442 3326 510 3376 hora
528 3327 585 3375 IIll
603 3331 631 3375 et
649 3327 715 3375 VIII
800 3326 883 3391 pedes
903 3327 955 3376 XII

443 3394 509 3459 hora
527 3395 550 3441 V
603 3402 630 3443 et
648 3395 701 3443 VII
801 3395 884 3459 pedes
903 3395 927 3442 X

443 3461 509 3511 bora
528 3462 563 3511 VI
800 3462 884 3527 pedes
903 3461 1002 3511 VIlll.'

165 3528 206 3575 Ill
225 3528 256 3577 34
277 3529 322 3578 les.
344 3530 395 3578 XII
414 3529 469 3578 tet:
506 3530 569 3579 ‘Hic
588 3528 766 3592 (Februarius)
785 3531 885 3579 mensis
904 3532 932 3579 in
950 3530 1074 3580 horarum
1095 3547 1223 3581 mensura
1243 3549 1302 3582 cum

165 3596 310 3644 Nouembri
330 3614 421 3646 meuse
442 3598 596 3650 concordat.
617 3613 684 3661 quas
703 3598 755 3648 hue
774 3599 877 3647 numeri
895 3600 1000 3647 rationo
1020 3597 1190 3661 colligimus:

444 3660 540 3715 lioral
603 3671 631 3714 et
648 3667 688 3714 XI
778 3720 781 3724 Δ
800 3666 883 3731 pedes
903 3667 1006 3715 XXVII

443 3734 510 3782 liora
528 3735 553 3782 Il
603 3740 631 3781 et
648 3735 672 3783 X
800 3733 883 3798 pedes
901 3734 979 3783 XVII

443 3801 510 3850 hora
528 3802 569 3850 111
604 3810 631 3850 et
649 3803 730 3851 VIIII
800 3802 883 3866 pedes
901 3802 969 3851 XIII

444 3869 510 3918 hora
528 3869 584 3918 1111
604 3875 631 3917 et
648 3870 715 3919 VIII
800 3869 883 3934 pedes
901 3870 926 3918 X

443 3937 510 3985 horu
528 3938 551 3984 V
604 3940 631 3985 et
648 3938 700 3987 VII
800 3937 883 4003 pedes
903 3938 968 3986 VIII

444 4004 510 4053 horo
530 4004 564 4052 Vl
799 4005 883 4071 pedcs
901 4004 975 4053 VIL’

166 4071 221 4119 IIII
238 4070 267 4119 16
284 4072 331 4132 [cs.
350 4072 387 4120 XI
405 4070 461 4131 rei:
482 4072 550 4121 ‘llic
563 4072 698 4137 (Martius)
712 4074 812 4123 mensis
830 4073 864 4121 nd
882 4073 1125 4137 deprehendendas
1138 4074 1220 4123 horas
1239 4092 1301 4124 con·

166 4140 250 4187 sentit
269 4139 397 4189 Octobri:

250 4277 424 4338 3Graccbo
449 4300 562 4333 *m
590 4280 832 4336 Dnrmstadiensir
864 4278 994 4352 graccho
1025 4283 1180 4338 Vaticanus
1209 4300 1233 4337 s.
1263 4285 1301 4350 X,

166 4364 346 4434 GorlieeusiS,
365 4367 509 4420 Leidensis
522 4357 536 4443 11
551 4361 705 4423 edocens
721 4368 745 4420 Α
760 4361 931 4421 decembrio
952 4367 977 4419 B
993 4358 1006 4444 ΙΙ
1021 4385 1138 4421 orarum
1151 4363 1215 4423 ΑΒΙ
