2964 5002
677 393 717 432 on
741 390 857 434 eosrm
1298 372 1333 434 51

186 551 262 603 trem
286 561 388 602 suum
413 541 483 602 ruri
511 560 609 622 agere
636 537 826 620 longissime
847 539 1055 621 cognouisset
1076 563 1145 600 sss
1168 546 1339 602 reuocatus

188 641 326 704 Athenis
352 662 373 703 a
400 639 535 702 Nerone
558 639 745 724 cohortique
768 640 944 702 amicorum
967 637 1099 700 additus
1120 647 1218 723 atque
1240 641 1338 702 ctiam

188 754 366 830 quaestura
389 741 581 804 honoratus.
626 763 690 803 non
714 749 820 803 tamen
842 740 1021 827 permansit
1038 740 1070 802 in
1093 741 1215 823 gratia:
1240 740 1332 824 siqui-

190 845 261 907 dem
283 865 387 927 aegre
408 843 538 923 ferens,
569 842 669 928 (quod
692 840 780 904 Nero
803 842 852 927 se)
877 842 1034 903 recitante
1057 840 1165 904 subito
1188 862 1228 905 ac
1248 839 1339 903 nulla

168 947 251 1008 snisi
273 943 499 1026 refrigerandi
524 944 575 1005 sui
597 964 696 1023 carisa
726 943 848 1005 indicto
875 951 990 1003 senatu
1018 942 1206 1022 recessiset,
1235 963 1348 1026 nequa-

190 1045 301 1108 uerhis
323 1044 484 1106 aduersus
508 1045 686 1128 principem
711 1065 816 1129 neque
836 1044 931 1106 factis
954 1041 1142 1106 extantibus
1165 1043 1340 1129 posthaec

191 1145 402 1231 ternperauit,
437 1143 522 1207 adeo
557 1154 593 1206 ut
619 1143 782 1229 quondam
814 1147 847 1206 in
874 1143 1001 1206 latrinis
1031 1143 1174 1229 publicis
1202 1143 1339 1207 clariore

191 1270 263 1310 cnur
295 1243 430 1332 crepitu
446 1245 573 1306 uentris
602 1244 840 1307 henristichium
866 1243 1004 1308 Neronis
1027 1266 1146 1328 magna
1171 1266 1339 1309 consesso-

192 1372 261 1411 rum
285 1348 368 1430 fuga
389 1346 628 1431 pronuntiarit:

166 1472 186 1510 n
450 1449 455 1456 ’
502 1445 562 1508 sub
585 1447 681 1509 terris
704 1448 850 1509 tonuisse
872 1455 979 1531 putes

195 1549 249 1613 scd
273 1558 307 1612 et
331 1549 456 1611 sanioso
479 1547 621 1610 carmine
643 1569 715 1609 cum
744 1547 849 1631 ipsum
869 1558 936 1610 turn
955 1548 1197 1633 potentissimos
1220 1549 1339 1611 amico-

194 1673 262 1714 rum
287 1650 490 1735 grauissime
519 1648 684 1733 proscidit.
729 1648 772 1710 ad
795 1659 975 1711 extremum
999 1670 1102 1734 paone
1125 1649 1263 1732 signifer
1286 1648 1338 1710 Pi·

194 1755 350 1815 sonianac
371 1750 607 1821 coniurationis
629 1749 755 1829 extitit,
785 1749 905 1812 multus
931 1751 965 1813 in
986 1749 1092 1831 gloria
1117 1749 1339 1836 tyrannicida·

193 1876 261 1916 rum
278 1851 389 1938 palam
409 1849 632 1936 praedicanda
653 1871 691 1911 ac
713 1848 829 1936 plenus
848 1852 890 1912 m'
956 1873 1026 1933 uin,
1048 1873 1149 1937 usque
1169 1873 1207 1915 eo
1224 1852 1339 1914 intem·

167 1971 312 2041 sperans
339 1963 376 2032 ut
403 1951 560 2015 Caesaris
589 1961 686 2036 eaput
713 1951 862 2036 proximo
883 1869 1008 2037 *ue
1035 1953 1182 2017 iactaret.
1225 1974 1338 2016 uerum

194 2057 324 2120 detecta
356 2051 584 2117 coniuratione
617 2073 821 2138 nequaquam
850 2075 960 2139 parem
995 2053 1093 2116 animi
1123 2056 1338 2118 constantiam

193 2156 373 2242 praestitit3
416 2151 516 2216 facile
538 2152 624 2214 eninr
645 2153 815 2216 confessus
839 2163 871 2216 et
891 2155 933 2217 ad
951 2153 1149 2218 humillimas
1166 2155 1339 2219 deuolutus

192 2279 305 2344 preces
327 2266 465 2320 matrem
486 2274 614 2338 quoquc
636 2255 804 2318 innoxiam
825 2257 910 2319 inter
931 2257 1038 2320 socios
1060 2257 1242 2321 nominauit
1268 2281 1338 2344 spe·

194 2381 269 2423 rans
292 2359 498 2443 impietatem
519 2352 582 2417 sibi
602 2355 691 2441 apud
711 2356 907 2442 parricidam
928 2358 1107 2444 principem
1123 2359 1339 2442 profuturam.

165 2460 368 2546 sinrpetrato
395 2467 506 2521 auteur
529 2458 642 2520 mortis
665 2456 800 2521 arbitrio
823 2456 926 2522 libero
953 2458 1120 2523 codicillos
1143 2459 1185 2522 ad
1213 2470 1337 2546 patrem

277 2632 365 2695 dsqq.
390 2631 509 2679 Tacitus
529 2645 589 2676 amn
610 2629 659 2677 XV
677 2628 723 2677 ill:
755 2631 909 2678 ‘Lucanum
930 2631 1057 2694 propriae
1076 2647 1178 2680 causae
1202 2631 1338 2680 accende-

195 2703 273 2761 hant,
295 2699 367 2763 qnod
381 2699 484 2747 lamani
503 2698 652 2745 carminum
671 2699 730 2746 eius
744 2699 887 2761 premebat
904 2699 977 2747 Nero
996 2699 1228 2762 prohibueratque
1248 2706 1338 2747 osten·

194 2779 253 2817 tare
274 2783 363 2816 uarius
382 2762 627 2814 sulsinurlatione.’

280 2834 312 2883 lti
329 2851 388 2897 sqq.
419 2833 618 2882 'sacitusann
638 2833 687 2880 XV
706 2831 751 2880 su:
789 2834 948 2898 ‘exquibus
967 2836 1096 2883 Lucanus
1115 2835 1338 2898 Quintianusque

195 2914 221 2952 et
240 2904 360 2951 Senecio
378 2902 426 2950 diu
446 2900 581 2948 nbrnrere:
600 2909 662 2962 post
680 2902 814 2964 promissa
828 2903 983 2966 inpunitate
1003 2904 1132 2966 corrupti.
1152 2920 1204 2968 qno
1224 2904 1339 2952 tardita-

195 2981 248 3020 tern
274 2973 456 3023 excusarent,
481 2968 609 3015 Lucanus
634 2969 746 3016 attiliani
771 2976 886 3019 nratreur
910 2986 1001 3026 suam,
1032 2972 1199 3031 Qruntianns
1224 2972 1339 3020 Glitium

194 3039 304 3088 Gallum
322 3038 442 3085 sineris
456 3036 572 3083 :tunium
590 3035 744 3085 Pollionem
764 3039 911 3086 anricorrnn
931 3039 1095 3102 praecipuos
1114 3038 1311 3091 rrenrirranere.’

277 3106 311 3154 20
329 3122 388 3168 sqq.
408 3105 430 3152 T
435 3104 525 3151 acilus
545 3118 607 3150 nrrn.
627 3104 675 3151 XV
694 3104 739 3151 70:
765 3106 850 3154 ‘lirin
869 3107 976 3155 hrnraei
994 3107 1100 3155 lnreani
1121 3108 1235 3156 caedem
1255 3109 1339 3171 irnpe-

195 3184 246 3224 rat.
272 3176 297 3222 is
316 3174 471 3238 profluente
491 3171 624 3234 sarrguinc
644 3171 689 3220 uhi
710 3173 861 3235 frigescere
881 3175 965 3237 pedes
984 3189 1134 3238 manusque
1159 3181 1186 3224 ct
1205 3175 1340 3238 paulatim

282 3344 292 3392 t
314 3330 374 3387 ruri
398 3328 425 3384 P
442 3321 494 3383 riri
511 3327 569 3381 ΜΒ
585 3322 598 3404 Ἠ
612 3335 676 3398 pant
695 3329 887 3402 cognouissct
910 3334 1042 3386 lucrinum
1058 3333 1180 3403 siprravit
1202 3332 1339 3386 Wehcrus

196 3414 208 3496 Η
224 3426 241 3476 ‘2
259 3414 382 3473 additur
399 3415 426 3468 B
448 3405 461 3491 ΗΗ
483 3419 624 3487 turgere
642 3412 705 3484 dri«)
725 3414 755 3467 M
769 3408 781 3492 ΗΗ
798 3412 878 3491 qnod
902 3414 983 3471 Nero
1000 3434 1033 3471 so
1051 3417 1151 3472 addidi
1164 3410 1176 3494 Η
1192 3415 1339 3472 recitante

195 3522 227 3559 se
244 3505 388 3559 tumeas
403 3493 416 3576 Η
432 3509 567 3557 &caussa
578 3501 601 3555 P
613 3494 626 3578 ΗΗ
642 3498 817 3554 recessissd
830 3499 888 3553 MP
902 3499 1065 3556 recessisse
1081 3502 1106 3554 B
1121 3499 1274 3556 Neronem
1292 3520 1338 3556 re-

196 3587 325 3643 cessisse
345 3587 488 3639 t-'untcrns
503 3601 569 3639 cum
589 3582 766 3640 recessisset
785 3586 956 3640 Ourniho'uus
971 3580 983 3664 ΗΗ
1000 3593 1015 3644 ti
1030 3582 1220 3641 exstantibus
1240 3586 1272 3640 M
1290 3605 1340 3642 ex·

196 3667 359 3729 citantihns
375 3671 448 3723 cerri.
470 3669 586 3723 latinius
602 3663 614 3748 Η
630 3675 696 3745 post
714 3666 771 3723 hac
787 3663 837 3747 ΡΗ
853 3677 869 3727 s
885 3670 1000 3745 crepitu
1016 3669 1159 3746 Ptrepitu
1172 3671 1204 3724 M
1214 3671 1340 3746 strepitu

199 3760 221 3812 l?
240 3750 342 3829 rulpo}
372 3752 475 3809 emissi
494 3753 691 3810 emistichium
710 3753 768 3808 MP
789 3753 891 3809 emissi
908 3753 1129 3811 hemistichium
1149 3757 1174 3809 B
1193 3755 1293 3810 emissi
1312 3764 1342 3810 ut

194 3843 417 3914 aliltaqpuphiam
434 3840 525 3892 ‹leleri
539 3831 551 3916 ΗΗ
567 3858 776 3895 consessorum
793 3841 815 3894 B
831 3857 897 3894 curn
914 3859 1065 3896 sessorum
1079 3836 1154 3916 ΜΡΗ
1178 3849 1194 3901 tt
1212 3858 1341 3917 pronun·

195 3927 287 3982 ciaret
307 3927 333 3980 P
347 3920 359 4002 Η
379 3932 409 3984 Γ.)
423 3920 633 4000 grauirlissime
651 3925 673 3978 B
690 3919 703 4001 Η
717 3943 815 4001 paene
832 3923 865 3978 Μ
875 3943 971 4000 poene
986 3926 1099 4001 Bpene
1113 3926 1139 3979 P
1152 3917 1157 4003 Η
1184 3935 1215 3984 13
1227 3923 1343 3980 exstitit

196 4007 251 4090 ΜΗ
269 4010 381 4067 multus
403 4010 591 4064 therentianum:
617 4009 717 4064 multis
735 4011 801 4064 libri
821 4001 834 4086 Η
853 4008 1101 4066 tirannicidarum
1125 4011 1150 4063 B
1172 4003 1185 4088 Η
1210 4019 1239 4067 Η
1255 4024 1341 4081 pras·

195 4095 325 4153 dicanda
360 4112 417 4148 non
448 4095 520 4148 num
547 4097 614 4150 libri
638 4096 824 4155 recentiores.
868 4094 1024 4149 charnas:
1058 4089 1263 4169 praedicenda
1292 4090 1346 4142 BP

195 4190 284 4309 praed
308 4192 390 4286 irata
414 4229 444 4282 M
460 4221 472 4306 ΗΗ
488 4228 691 4305 intemperans
713 4232 748 4284 ll.
771 4233 846 4283 inter·
867 4232 915 4284 lin.
940 4237 1000 4283 tem
1021 4248 1055 4282 nr.
1076 4244 1133 4282 sec.
1156 4220 1168 4305 ΗΗ
1195 4232 1221 4284 17
1244 4216 1286 4294 01]
1312 4228 1343 4275 Ui

195 4320 250 4373 MP
262 4338 317 4374 ianr,
338 4318 362 4370 I}
378 4314 392 4390 Η
408 4312 549 4369 lnnuillns
562 4312 690 4370 eleustus
707 4315 733 4369 P
746 4308 758 4391 Η
778 4324 807 4371 ts·
824 4333 948 4388 praeces
963 4315 989 4368 P
1000 4307 1072 4388 pices
1085 4311 1117 4365 M
1129 4304 1142 4388 Η
1164 4320 1192 4372 19
1207 4304 1308 4379 impiet

194 4400 265 4489 ternl
275 4405 336 4461 iam
351 4399 500 4477 pietatem
512 4400 537 4453 P
556 4397 559 4476 Η
574 4397 739 4474 paricidam
750 4400 776 4452 P
788 4391 801 4476 Η
816 4407 851 4455 :³0
866 4396 1014 4474 imperato
1026 4397 1053 4450 P
1066 4390 1079 4472 Η
1094 4402 1189 4450 morte
1202 4385 1278 4448 moltl

1085 4494 1137 4552 μ
