2964 5002
605 387 745 429 svmens
767 388 924 429 ursronrs
1277 374 1339 435 335

187 531 305 620 quibus
336 533 474 619 proprie
504 532 567 597 hoe
593 554 728 613 nomen,
760 554 880 620 pompa
903 532 1104 619 praecedens
1133 552 1268 617 quorum
1298 535 1341 596 sit

189 642 290 699 mmet
318 635 396 721 ipsa
424 631 583 720 probans,
617 633 657 697 de
690 634 939 698 simulacrorum
970 634 1054 696 serie
1082 633 1124 697 de
1160 633 1339 716 imaginum

189 736 321 819 agmine
344 733 387 798 de
413 733 564 799 curribus
593 734 635 797 de
656 735 759 798 tonsis
781 733 821 797 de
842 735 1042 798 armamaxis
1071 733 1112 796 de
1140 733 1274 797 sedibus
1297 733 1339 797 de

189 835 318 899 coronis
340 833 385 898 de
407 836 549 899 exuuiis.
592 843 716 922 quanta
732 844 903 919 praeterea
923 855 1018 897 sacra
1038 842 1160 920 quantu
1178 832 1340 898 sacrificia

171 934 393 1023 spuaecedant
415 935 624 1000 intercedant
651 935 845 1015 succedant,
869 943 947 1021 quot
969 934 1108 1017 collegia
1135 946 1214 1020 quot
1233 957 1337 999 sacer·

190 1037 281 1101 dotia
300 1045 383 1123 quot
404 1034 516 1100 officis
535 1046 743 1113 moueantur,
768 1038 875 1100 sciunt
893 1035 1042 1099 homines
1063 1034 1150 1099 illius
1174 1035 1282 1117 urbis,
1305 1037 1337 1099 iu

191 1159 255 1223 qna
276 1136 524 1203 daemoniorum
547 1151 728 1203 conuentus
751 1137 911 1203 consedit.

275 1287 322 1354 Vt
336 1298 372 1354 et
395 1288 436 1354 de
453 1288 534 1353 locis
549 1288 729 1354 secundum
745 1291 946 1377 propesitum
965 1309 1125 1374 exequar,
1145 1289 1251 1353 circus
1269 1286 1355 1357 Solii
1367 1283 1465 1358 88¹⁸*

192 1390 421 1478 principaliter
437 1405 662 1473 consecratur,
684 1392 778 1454 cuius
803 1390 896 1454 aedis
914 1389 1022 1453 modio
1037 1392 1140 1474 spatio
1163 1399 1195 1453 ct
1211 1389 1339 1475 efligies

163 1492 233 1557 ude
260 1490 373 1557 medio
401 1491 508 1577 spatio
533 1502 566 1555 et
590 1490 719 1575 effigies
749 1490 790 1553 de
811 1490 944 1575 fastigio
966 1490 1058 1555 aedis
1079 1481 1223 1573 emicat,
1251 1490 1339 1575 quod

191 1614 256 1659 non
278 1600 483 1681 putauerunt
504 1590 565 1656 sub
586 1600 671 1656 tecto
694 1591 951 1656 consecrandum
974 1612 1070 1679 quem
1091 1594 1124 1656 iu
1148 1603 1261 1679 aperto
1282 1593 1337 1656 ho-

191 1693 281 1759 bent.
294 1694 353 1779 qni
362 1691 584 1779 spectaculum
595 1695 736 1778 primunr
744 1690 869 1757 aCirca
876 1691 943 1757 Soli
955 1695 1040 1779 patri
1051 1715 1110 1757 sno
1120 1694 1241 1757 editum
1251 1692 1343 1757 affir-

193 1849 309 1899 ambitio
338 1848 399 1899 siue
430 1846 576 1913 imgalitas
606 1849 680 1909 cius,
710 1848 736 1897 si
763 1847 843 1897 doum
866 1848 981 1897 offendit
1010 1848 1214 1914 qualiacumque
1239 1865 1339 1914 pompa

193 1917 268 1968 circi.
305 1916 361 1967 etsi
383 1932 475 1983 pauca
500 1915 648 1965 simulacra
672 1916 863 1977 circumierat,
892 1917 921 1965 in
944 1932 997 1965 uno
1020 1916 1179 1967 idololatria
1203 1926 1258 1977 cst,
1287 1917 1339 1967 etsi

193 1998 275 2035 unam
298 1989 410 2034 tensam
431 1982 540 2046 trabat,
562 1984 636 2032 Iouis
660 1989 753 2032 tamen
776 1983 927 2047 plaustrum
956 1991 1008 2034 est:
1039 1985 1154 2048 quacnis
1180 1984 1339 2035 idololatria

193 2052 303 2103 sordide
327 2052 465 2102 instructa
484 2050 530 2100 uel
552 2051 659 2100 modice
684 2050 806 2115 locuples
830 2056 858 2100 ct
881 2051 1026 2117 splendida
1053 2060 1096 2102 est
1114 2067 1198 2101 consu
1217 2053 1338 2102 criminis

193 2117 253 2169 mi!
272 2146 306 2157 -·-
343 2120 444 2169 Festrrs
461 2135 487 2184 p.
505 2116 568 2168 sos:
592 2119 721 2167 ‘'l'errsanr
739 2119 785 2173 ,ait
807 2120 902 2168 uocari
920 2120 1031 2169 rliuuius
1050 2120 1150 2184 (lapito
1174 2120 1337 2181 uehiculum,

194 2202 245 2252 quo
263 2187 385 2237 exuuiae
407 2187 520 2236 deorum
543 2185 655 2236 ludicris
674 2186 844 2235 circensibus
866 2188 895 2235 in
914 2187 1017 2236 circum
1036 2187 1070 2236 ad
1089 2188 1217 2250 puluinar
1235 2188 1337 2238 uelum-

194 2262 243 2305 tnr.
286 2254 344 2304 init
365 2259 395 2303 et
417 2270 453 2303 cx
474 2254 557 2303 ebore
580 2260 610 2302 ut
633 2253 705 2317 apud
726 2254 877 2303 Titinnium
900 2253 929 2302 iu
953 2254 1070 2303 barbato
1094 2262 1121 2303 ct
1144 2270 1178 2302 rx
1197 2252 1337 2319 argento!

193 2324 230 2372 et.
247 2321 355 2373 Paulus
372 2322 450 2372 Festi
472 2336 499 2387 p.
521 2320 580 2371 3155.
599 2347 632 2356 —
667 2320 854 2370 'tertullianus
877 2321 911 2371 de
935 2336 1037 2369 corona
1062 2320 1104 2371 13:
1131 2321 1286 2370 ‘Coronant
1310 2328 1339 2371 st

193 2390 319 2456 publicos
331 2388 443 2439 ordines
454 2388 558 2439 laureis
570 2388 697 2453 publicae
710 2403 827 2449 causae,
846 2388 1023 2451 magistratus
1036 2402 1100 2435 ucro
1113 2388 1224 2450 insuper
1237 2390 1337 2450 aureis,

194 2457 359 2509 crumenis
381 2462 413 2506 nt
429 2457 542 2507 Romae.
577 2458 787 2520 superferuntur
809 2456 893 2505 etiam
911 2453 966 2503 illis
984 2455 1148 2503 llctruscae.
1185 2454 1237 2503 lroe
1256 2470 1337 2504 uoca-

194 2524 285 2575 bnlnm
304 2529 350 2575 est
371 2539 533 2574 coronarum
551 2538 620 2588 quas
638 2525 753 2588 gemmis
776 2528 805 2572 et
823 2522 896 2572 loliis
919 2538 952 2570 cs
978 2537 1043 2570 anre
1062 2521 1199 2584 quercinis
1219 2522 1253 2570 ab
1271 2523 1336 2571 lone

194 2593 319 2658 insignes
347 2592 384 2641 sd
412 2591 588 2641 deducendas
616 2596 710 2641 tonsus
734 2607 794 2640 curu
818 2589 947 2655 palmatis
972 2590 1043 2653 togis
1066 2596 1181 2637 surnnnt.
1223 2595 1286 2637 snut
1309 2594 1338 2639 ct

195 2658 382 2725 prouinciales
405 2675 509 2709 aureae
532 2658 681 2723 imaginum
704 2660 759 2708 iam
786 2674 841 2708 non
868 2658 985 2707 uirorum
1009 2658 1104 2721 capita
1126 2657 1232 2705 maiora
1256 2671 1338 2719 quac-

195 2726 304 2782 reutes.’
342 2728 380 2778 er.
398 2727 502 2776 ibidem
519 2726 544 2775 7.
568 2725 607 2775 12.

281 2790 368 2849 188⁸*
380 2794 568 2845 Tertullianus
580 2795 613 2843 dc
627 2793 795 2858 spectaculis
807 2792 836 2842 8:
851 2794 906 2842 ‘vt
918 2797 951 2841 et
963 2793 1001 2843 dc
1015 2792 1146 2842 locis...
1162 2806 1337 2856 argumen-

195 2868 325 2915 tantur.
350 2862 435 2928 plane
453 2862 578 2912 ueneflea
598 2862 638 2910 eis
658 2863 752 2925 ntique
770 2863 910 2927 negotium
929 2863 1016 2924 gessit
1033 2862 1084 2910 hoc
1102 2863 1211 2910 nominc
1225 2874 1336 2924 qnorum

195 2933 327 2982 “cordos
340 2936 416 2992 erat,
434 2929 590 2980 daemoniis
602 2935 631 2977 et
643 2929 752 2991 anpclis
765 2931 883 2979 scilicet.
904 2935 969 2993 quot
981 2929 1067 2991 igitur
1079 2931 1107 2977 in
1120 2929 1217 2978 habitu
1230 2928 1284 2977 loci
1296 2929 1336 2992 ip·

196 3000 251 3049 sins
264 2999 441 3050 idololatrias
452 2998 646 3061 recognoscis?
659 2998 769 3061 singula
779 3005 942 3047 ornamenta
952 2997 1018 3046 circi
1028 2996 1138 3060 singula
1149 2995 1253 3060 templa
1265 3003 1337 3046 sunt.

196 3081 448 3117 ons...uouere.
467 3064 656 3115 animaduerte
675 3064 831 3114 Christiane
849 3069 913 3129 quot
933 3065 1043 3113 uomina
1059 3065 1191 3113 inmunda
1209 3066 1337 3128 possede-

196 3136 249 3184 rint
260 3134 385 3185 circnm.'
397 3132 640 3197 aque-Servius
650 3133 791 3181 rteml'lll
803 3131 866 3181 isso:
886 3130 1034 3181 ‘circenses
1046 3133 1111 3181 dicti
1124 3133 1169 3182 uel
1183 3150 1199 3182 a
1212 3133 1337 3195 circuitu,

197 3202 239 3252 nel
256 3202 330 3266 quod
345 3201 394 3251 ubi
411 3216 484 3250 nnnc
501 3206 592 3251 metae
608 3208 673 3249 sunt
689 3201 753 3249 olim
770 3200 856 3261 gladii
874 3201 1046 3264 ponebantur
1062 3215 1129 3263 quos
1147 3201 1337 3251 circumibant.

197 3270 261 3319 dicti
277 3270 344 3321 inde
361 3268 502 3319 circenses
520 3268 555 3317 ab
573 3267 693 3325 ensibus,
707 3269 784 3317 circa
802 3282 868 3331 quos
881 3266 1081 3317 circumibant!
1106 3295 1127 3302 --
1141 3268 1244 3317 Plinius
1256 3269 1288 3318 N.
1302 3269 1337 3317 H.

198 3338 287 3389 svm
296 3338 328 3387 2³
350 3335 512 3400 ‘Seiamque
525 3351 542 3385 a
553 3335 670 3385 serendo
682 3336 826 3400 Segestam
841 3351 857 3384 a
869 3335 1010 3397 segetibus
1023 3335 1211 3399 appellabant,
1225 3351 1338 3400 qrrarum

196 3406 346 3455 simulacra
368 3404 398 3453 in
415 3405 490 3453 circo
511 3403 645 3453 uidemus.
681 3405 791 3453 tertiam
810 3420 843 3452 cx
863 3404 903 3452 eis
921 3405 1062 3452 nominare
1080 3396 1222 3453 snb'tocto
1241 3404 1339 3466 religio

198 3471 257 3523 ιη’
294 3473 332 3523 ci.
356 3471 517 3522 Macrobius
534 3477 586 3521 sat.
611 3471 623 3519 l
650 3470 679 3519 16
701 3472 869 3536 Augustinus
895 3472 925 3519 Ο.
952 3472 985 3519 Ι).
1010 3471 1065 3520 1111
1086 3472 1111 3519 8.
1130 3496 1162 3506 —
1180 3472 1339 3521 Macrobius

197 3545 247 3589 sat.
265 3541 306 3591 111
324 3541 354 3589 l:
383 3540 512 3591 ‘Cassius
528 3538 647 3588 Hemina
670 3539 738 3588 dicit
755 3538 951 3588 Srrmotlrracas
968 3538 1034 3588 ticos
1056 3539 1219 3604 cosrlomqnc
1239 3541 1338 3590 liema-

198 3622 290 3658 norum
309 3609 433 3657 Penates
450 3607 504 3657 dici
524 3600 612 3664 θεοὺς
634 3600 775 3671 μεγάλους
799 3600 889 3664 θεοὺς
911 3599 1048 3671 χρηστοὺς
1067 3600 1156 3664 θεοὺς
1174 3602 1338 3667 δυνατούς]

199 3676 284 3725 l'arro
301 3677 335 3725 L.
354 3676 387 3725 L.
408 3673 494 3724 ves:
520 3675 621 3724 ‘Terra
644 3676 716 3724 cuim
740 3681 768 3722 et
786 3675 900 3724 Caelum
918 3682 948 3722 ut
965 3675 1173 3724 Sarnotlrracum
1192 3677 1273 3726 initia
1291 3678 1337 3725 ‹lo-

198 3750 270 3805 cem,
293 3747 360 3793 sunt
376 3743 430 3791 liei
447 3743 544 3808 Magni
567 3747 596 3791 ct
614 3742 640 3790 lri
660 3758 727 3805 cruos
745 3743 801 3791 elixi
820 3742 911 3792 multis
929 3742 1091 3791 nominibus.
1128 3757 1182 3793 non
1201 3759 1269 3808 quas
1288 3747 1337 3795 tia·

198 3811 352 3861 motbracia
376 3814 441 3859 ante
465 3816 558 3874 portas
581 3810 678 3859 statuit
705 3811 773 3859 «luas
797 3810 884 3859 uirilis
907 3810 1016 3873 species
1040 3825 1143 3860 aeneas
1161 3813 1214 3860 llci
1232 3813 1337 3873 blumii,

198 3893 285 3943 neque
303 3883 335 3928 ut
351 3876 450 3942 uolgus
467 3884 547 3942 putat
564 3878 584 3926 ii
603 3877 797 3927 Samothraces
816 3878 869 3927 llci
888 3879 933 3941 qui
951 3879 1050 3926 Castor
1069 3884 1097 3926 et
1116 3878 1220 3928 Pollux.
1250 3882 1301 3929 sed
1318 3881 1337 3928 ii

199 3962 255 3996 uras
274 3951 303 3995 et
322 3945 436 3997 femina.
473 3951 502 3995 et
518 3946 546 3995 bi
565 3960 632 4009 quos
644 3945 781 4008 drigarum
800 3944 860 3993 libri
880 3946 997 4009 scriptos
1015 3944 1120 3996 liabent
1136 3947 1190 3995 sic:
1211 3947 1274 3996 lliui
1293 3947 1337 4010 qrri

198 4022 289 4077 potes,
313 4029 364 4080 pro
387 4011 435 4062 illo
458 4013 529 4077 quod
548 4012 742 4062 Samothraces
765 4008 831 4062 brol
851 4010 990 4062 deseret)
1032 4014 1069 4062 ef.
1093 4015 1204 4063 servius
1226 4017 1293 4063 llcn.
1312 4014 1338 4062 11

198 4079 247 4130 iffi
262 4080 307 4131 111
328 4080 368 4129 12.
388 4107 421 4115 —-
455 4081 561 4130 Plinius
579 4081 613 4130 N.
631 4081 666 4129 ll.
685 4081 801 4129 XXXl'l
817 4078 847 4128 ll:
872 4080 912 4129 ‘la
936 4085 1027 4130 antem
1045 4082 1182 4132 obeliscus
1201 4097 1280 4143 quem
1299 4081 1338 4128 di-

279 4228 298 4279 2
313 4221 345 4276 in
360 4217 527 4294 semelipsa
544 4222 569 4276 Α
583 4219 614 4274 in
629 4221 700 4275 eieci
713 4211 727 4296 ΙΙ
742 4227 759 4279 3
774 4217 954 4277 armemauis
971 4214 1022 4298 ΑΙΙ
1037 4230 1054 4281 5
1074 4214 1336 4297 quod—qued·-

198 4304 276 4384 quod
290 4307 335 4361 Au
351 4299 365 4383 ΙΙ
381 4314 399 4361 ts
412 4312 441 4358 ct
453 4321 506 4359 om.
519 4306 564 4358 Aa
580 4298 585 4380 Ι
608 4300 730 4365 9acdcs
741 4304 787 4358 Ab
802 4295 816 4382 ll
834 4311 865 4362 ll
877 4303 942 4363 Soli
951 4306 1003 4363 Fr.
1015 4306 1132 4362 Ismara.-
1145 4300 1259 4359 liabent
1272 4298 1338 4358 Soli

199 4395 328 4469 Aatqne
342 4385 409 4445 Soli
423 4388 562 4445 Oeltlerus
583 4381 590 4466 Ι
617 4407 671 4445 suo
687 4389 712 4443 A
726 4405 780 4446 suo
796 4394 829 4443 nt
843 4387 950 4446 nolunt
966 4393 1048 4462 culpo
1068 4382 1083 4468 ΙΙ
1104 4384 1238 4445 auditum
1258 4387 1310 4442 Aa
