<?xml version="1.0" encoding="UTF-8"?>
<!DOCTYPE html PUBLIC "-//W3C//DTD XHTML 1.0 Transitional//EN"
    "http://www.w3.org/TR/xhtml1/DTD/xhtml1-transitional.dtd">
<html xmlns="http://www.w3.org/1999/xhtml" xml:lang="en" lang="en">
 <head>
  <title>
</title>
<meta http-equiv="Content-Type" content="text/html;charset=utf-8" />
  <meta name='ocr-system' content='tesseract 3.04.00' />
  <meta name='ocr-capabilities' content='ocr_page ocr_carea ocr_par ocr_line ocrx_word'/>
</head>
<body>
  <div class='ocr_page' id='page_1' title='image "./csvetonitranqvi00ritsgoog_0457.png"; bbox 0 0 2964 5002; ppageno 0'>
   <div class='ocr_carea' id='block_1_1' title="bbox 162 369 1116 441">
    <p class='ocr_par' dir='ltr' id='par_1_1' title="bbox 162 369 1116 441">
     <span class='ocr_line' id='line_1_1' title="bbox 162 369 1116 441; baseline -0.012 -2"><span class='ocrx_word' id='word_1_1' title='bbox 162 376 228 439; x_wconf 76' lang='lat' dir='ltr'>tat</span> <span class='ocrx_word' id='word_1_2' title='bbox 505 390 732 441; x_wconf 76' lang='lat' dir='ltr'>uvsnsrronrs</span> <span class='ocrx_word' id='word_1_3' title='bbox 754 390 982 433; x_wconf 76' lang='lat' dir='ltr'>svsrorrsnsn</span> <span class='ocrx_word' id='word_1_4' title='bbox 1053 385 1058 398; x_wconf 90' lang='lat'><strong>·</strong></span> <span class='ocrx_word' id='word_1_5' title='bbox 1109 369 1116 381; x_wconf 84' lang='lat'>&#39;</span> 
     </span>
    </p>
   </div>
   <div class='ocr_carea' id='block_1_2' title="bbox 163 540 1353 4477">
    <p class='ocr_par' dir='ltr' id='par_1_2' title="bbox 163 540 1319 2429">
     <span class='ocr_line' id='line_1_2' title="bbox 248 540 1316 623; baseline -0.002 -20"><span class='ocrx_word' id='word_1_6' title='bbox 248 546 313 604; x_wconf 81' lang='lat' dir='ltr'>lam</span> <span class='ocrx_word' id='word_1_7' title='bbox 336 543 374 603; x_wconf 85' lang='lat' dir='ltr'>de</span> <span class='ocrx_word' id='word_1_8' title='bbox 396 552 549 623; x_wconf 87' lang='lat' dir='ltr'>tempore,</span> <span class='ocrx_word' id='word_1_9' title='bbox 577 562 637 622; x_wconf 88' lang='lat' dir='ltr'>quo</span> <span class='ocrx_word' id='word_1_10' title='bbox 659 540 709 601; x_wconf 90' lang='lat' dir='ltr'>hic</span> <span class='ocrx_word' id='word_1_11' title='bbox 730 540 808 601; x_wconf 88' lang='lat' dir='ltr'>liber</span> <span class='ocrx_word' id='word_1_12' title='bbox 828 542 960 619; x_wconf 85' lang='lat' dir='ltr'>scriptus</span> <span class='ocrx_word' id='word_1_13' title='bbox 986 541 1043 614; x_wconf 85' lang='lat' dir='ltr'>sit,</span> <span class='ocrx_word' id='word_1_14' title='bbox 1072 558 1162 621; x_wconf 84' lang='lat' dir='ltr'>quem</span> <span class='ocrx_word' id='word_1_15' title='bbox 1179 541 1316 601; x_wconf 84' lang='lat' dir='ltr'>Rotbius</span> 
     </span>
     <span class='ocr_line' id='line_1_3' title="bbox 163 642 1316 728; baseline -0.003 -22"><span class='ocrx_word' id='word_1_16' title='bbox 163 670 192 728; x_wconf 88' lang='lat' dir='ltr'>p.</span> <span class='ocrx_word' id='word_1_17' title='bbox 205 644 378 706; x_wconf 80' lang='lat' dir='ltr'>LXXVIII</span> <span class='ocrx_word' id='word_1_18' title='bbox 395 646 474 704; x_wconf 89' lang='lat' dir='ltr'>intra</span> <span class='ocrx_word' id='word_1_19' title='bbox 490 663 587 717; x_wconf 81' lang='lat' dir='ltr'>annos</span> <span class='ocrx_word' id='word_1_20' title='bbox 603 651 653 706; x_wconf 87' lang='grc'>106</span> <span class='ocrx_word' id='word_1_21' title='bbox 669 650 700 701; x_wconf 83' lang='grc'>11</span> <span class='ocrx_word' id='word_1_22' title='bbox 717 642 931 713; x_wconf 75' lang='grc'><strong>1131111111111</strong></span> <span class='ocrx_word' id='word_1_23' title='bbox 948 661 1017 702; x_wconf 87' lang='lat' dir='ltr'>esse</span> <span class='ocrx_word' id='word_1_24' title='bbox 1033 643 1207 716; x_wconf 80' lang='lat' dir='ltr'>contendit,</span> <span class='ocrx_word' id='word_1_25' title='bbox 1227 644 1316 724; x_wconf 90' lang='lat' dir='ltr'>equi-</span> 
     </span>
     <span class='ocr_line' id='line_1_4' title="bbox 164 743 1315 825; baseline -0.002 -18"><span class='ocrx_word' id='word_1_26' title='bbox 164 749 233 808; x_wconf 84' lang='lat' dir='ltr'>dem</span> <span class='ocrx_word' id='word_1_27' title='bbox 244 747 321 806; x_wconf 84' lang='lat' dir='ltr'>nihil</span> <span class='ocrx_word' id='word_1_28' title='bbox 338 754 455 805; x_wconf 88' lang='lat' dir='ltr'>certum</span> <span class='ocrx_word' id='word_1_29' title='bbox 472 743 633 804; x_wconf 76' lang='lat' dir='ltr'>adfirmare</span> <span class='ocrx_word' id='word_1_30' title='bbox 645 745 750 803; x_wconf 83' lang='lat' dir='ltr'>susim.</span> <span class='ocrx_word' id='word_1_31' title='bbox 780 762 891 821; x_wconf 82' lang='lat' dir='ltr'>nempe</span> <span class='ocrx_word' id='word_1_32' title='bbox 902 743 988 803; x_wconf 90' lang='lat' dir='ltr'>illum</span> <span class='ocrx_word' id='word_1_33' title='bbox 1001 743 1163 803; x_wconf 88' lang='lat' dir='ltr'>terminum</span> <span class='ocrx_word' id='word_1_34' title='bbox 1180 754 1315 825; x_wconf 89' lang='lat' dir='ltr'>conp&#39;ro·</span> 
     </span>
     <span class='ocr_line' id='line_1_5' title="bbox 163 843 1315 926; baseline -0.002 -17"><span class='ocrx_word' id='word_1_35' title='bbox 163 848 237 909; x_wconf 80' lang='lat' dir='ltr'>bere</span> <span class='ocrx_word' id='word_1_36' title='bbox 260 847 318 908; x_wconf 89' lang='lat' dir='ltr'>sibi</span> <span class='ocrx_word' id='word_1_37' title='bbox 342 851 427 907; x_wconf 86' lang='lat' dir='ltr'>visus</span> <span class='ocrx_word' id='word_1_38' title='bbox 453 854 500 907; x_wconf 80' lang='lat' dir='ltr'>est</span> <span class='ocrx_word' id='word_1_39' title='bbox 520 864 556 906; x_wconf 86' lang='lat' dir='ltr'>eo</span> <span class='ocrx_word' id='word_1_40' title='bbox 575 844 658 926; x_wconf 89' lang='lat' dir='ltr'>quod</span> <span class='ocrx_word' id='word_1_41' title='bbox 680 843 740 902; x_wconf 90' lang='lat' dir='ltr'>Iuli</span> <span class='ocrx_word' id='word_1_42' title='bbox 762 845 885 904; x_wconf 81' lang='lat' dir='ltr'>Tironis</span> <span class='ocrx_word' id='word_1_43' title='bbox 910 845 1006 903; x_wconf 86' lang='lat' dir='ltr'>vitam</span> <span class='ocrx_word' id='word_1_44' title='bbox 1017 844 1218 924; x_wconf 84' lang='lat' dir='ltr'>Tranuillus</span> <span class='ocrx_word' id='word_1_45' title='bbox 1241 866 1315 907; x_wconf 91' lang='lat' dir='ltr'>con·</span> 
     </span>
     <span class='ocr_line' id='line_1_6' title="bbox 164 943 1316 1029; baseline -0.001 -18"><span class='ocrx_word' id='word_1_46' title='bbox 164 950 353 1029; x_wconf 82' lang='lat' dir='ltr'>scripsisset,</span> <span class='ocrx_word' id='word_1_47' title='bbox 370 969 461 1029; x_wconf 90' lang='lat' dir='ltr'>quem</span> <span class='ocrx_word' id='word_1_48' title='bbox 478 968 557 1008; x_wconf 85' lang='lat' dir='ltr'>suno</span> <span class='ocrx_word' id='word_1_49' title='bbox 578 958 627 1011; x_wconf 80' lang='grc'><strong>11111</strong></span> <span class='ocrx_word' id='word_1_50' title='bbox 639 945 693 1006; x_wconf 89' lang='lat' dir='ltr'>vel</span> <span class='ocrx_word' id='word_1_51' title='bbox 714 955 763 1010; x_wconf 81' lang='lat' dir='ltr'>tos</span> <span class='ocrx_word' id='word_1_52' title='bbox 777 943 950 1005; x_wconf 72' lang='lat' dir='ltr'>decessisse</span> <span class='ocrx_word' id='word_1_53' title='bbox 967 952 1052 1005; x_wconf 87' lang='lat' dir='ltr'>recte</span> <span class='ocrx_word' id='word_1_54' title='bbox 1065 964 1103 1005; x_wconf 81' lang='lat' dir='ltr'>en</span> <span class='ocrx_word' id='word_1_55' title='bbox 1114 947 1268 1009; x_wconf 82' lang='lat' dir='ltr'>Plinienis</span> <span class='ocrx_word' id='word_1_56' title='bbox 1283 951 1316 1010; x_wconf 93' lang='lat' dir='ltr'>in</span> 
     </span>
     <span class='ocr_line' id='line_1_7' title="bbox 165 1045 1316 1132; baseline -0.001 -20"><span class='ocrx_word' id='word_1_57' title='bbox 165 1051 297 1132; x_wconf 75' lang='lat' dir='ltr'>epistula</span> <span class='ocrx_word' id='word_1_58' title='bbox 308 1050 354 1109; x_wconf 89' lang='lat' dir='ltr'>VI</span> <span class='ocrx_word' id='word_1_59' title='bbox 363 1060 396 1113; x_wconf 78' lang='lat'>31</span> <span class='ocrx_word' id='word_1_60' title='bbox 409 1048 511 1110; x_wconf 88' lang='lat' dir='ltr'>verbis</span> <span class='ocrx_word' id='word_1_61' title='bbox 523 1048 667 1125; x_wconf 78' lang='lat' dir='ltr'>conlegit.</span> <span class='ocrx_word' id='word_1_62' title='bbox 686 1066 776 1127; x_wconf 80' lang='lat' dir='ltr'>quam</span> <span class='ocrx_word' id='word_1_63' title='bbox 792 1045 917 1126; x_wconf 91' lang='lat' dir='ltr'>quidem</span> <span class='ocrx_word' id='word_1_64' title='bbox 928 1045 1137 1108; x_wconf 78' lang='lat' dir='ltr'>coniecturam</span> <span class='ocrx_word' id='word_1_65' title='bbox 1145 1050 1316 1130; x_wconf 75' lang='lat' dir='ltr'>probabili·</span> 
     </span>
     <span class='ocr_line' id='line_1_8' title="bbox 164 1147 1317 1232; baseline -0.002 -17"><span class='ocrx_word' id='word_1_66' title='bbox 164 1161 228 1215; x_wconf 79' lang='lat' dir='ltr'>tete</span> <span class='ocrx_word' id='word_1_67' title='bbox 240 1172 346 1213; x_wconf 86' lang='lat' dir='ltr'>carere</span> <span class='ocrx_word' id='word_1_68' title='bbox 361 1171 454 1232; x_wconf 82' lang='lat' dir='ltr'>supra</span> <span class='ocrx_word' id='word_1_69' title='bbox 465 1171 513 1211; x_wconf 91' lang='lat' dir='ltr'>me</span> <span class='ocrx_word' id='word_1_70' title='bbox 525 1151 657 1210; x_wconf 84' lang='lat' dir='ltr'>evicisse</span> <span class='ocrx_word' id='word_1_71' title='bbox 668 1157 752 1226; x_wconf 90' lang='lat' dir='ltr'>puto.</span> <span class='ocrx_word' id='word_1_72' title='bbox 775 1167 833 1207; x_wconf 87' lang='lat' dir='ltr'>nec</span> <span class='ocrx_word' id='word_1_73' title='bbox 850 1147 980 1207; x_wconf 84' lang='lat' dir='ltr'>certiore</span> <span class='ocrx_word' id='word_1_74' title='bbox 992 1148 1193 1211; x_wconf 70' lang='lat' dir='ltr'>fundumento</span> <span class='ocrx_word' id='word_1_75' title='bbox 1207 1153 1317 1213; x_wconf 86' lang='lat' dir='ltr'>nititur</span> 
     </span>
     <span class='ocr_line' id='line_1_9' title="bbox 165 1246 1315 1332; baseline 0 -18"><span class='ocrx_word' id='word_1_76' title='bbox 165 1254 263 1314; x_wconf 75' lang='lat' dir='ltr'>alters</span> <span class='ocrx_word' id='word_1_77' title='bbox 273 1255 419 1332; x_wconf 85' lang='lat' dir='ltr'>temporis</span> <span class='ocrx_word' id='word_1_78' title='bbox 432 1252 577 1313; x_wconf 84' lang='lat' dir='ltr'>delinitio.</span> <span class='ocrx_word' id='word_1_79' title='bbox 606 1269 790 1331; x_wconf 83' lang='lat' dir='ltr'>quamquam</span> <span class='ocrx_word' id='word_1_80' title='bbox 802 1248 883 1308; x_wconf 86' lang='lat' dir='ltr'>enim</span> <span class='ocrx_word' id='word_1_81' title='bbox 956 1246 1025 1309; x_wconf 89' lang='lat' dir='ltr'>hius</span> <span class='ocrx_word' id='word_1_82' title='bbox 1043 1252 1224 1313; x_wconf 76' lang='lat' dir='ltr'>contusione</span> <span class='ocrx_word' id='word_1_83' title='bbox 1239 1253 1315 1314; x_wconf 88' lang='lat' dir='ltr'>dno·</span> 
     </span>
     <span class='ocr_line' id='line_1_10' title="bbox 167 1248 1318 1446; baseline 0 -30"><span class='ocrx_word' id='word_1_84' title='bbox 167 1376 233 1416; x_wconf 88' lang='lat' dir='ltr'>rum</span> <span class='ocrx_word' id='word_1_85' title='bbox 248 1356 418 1417; x_wconf 88' lang='lat' dir='ltr'>Pliniorum</span> <span class='ocrx_word' id='word_1_86' title='bbox 429 1353 673 1433; x_wconf 81' lang='lat' dir='ltr'>Hieronymiana</span> <span class='ocrx_word' id='word_1_87' title='bbox 693 1370 748 1410; x_wconf 89' lang='lat' dir='ltr'>sno</span> <span class='ocrx_word' id='word_1_88' title='bbox 767 1351 832 1410; x_wconf 88' lang='lat' dir='ltr'>i&#39;ure</span> <span class='ocrx_word' id='word_1_89' title='bbox 851 1248 1010 1446; x_wconf 40' lang='lat' dir='ltr'>unffi,</span> <span class='ocrx_word' id='word_1_90' title='bbox 1034 1358 1069 1410; x_wconf 91' lang='grc'>11</span> <span class='ocrx_word' id='word_1_91' title='bbox 1088 1352 1318 1416; x_wconf 73' lang='lat' dir='ltr'>demonstraret</span> 
     </span>
     <span class='ocr_line' id='line_1_11' title="bbox 165 1451 1315 1547; baseline 0.001 -32"><span class='ocrx_word' id='word_1_92' title='bbox 165 1476 226 1516; x_wconf 91' lang='lat' dir='ltr'>non</span> <span class='ocrx_word' id='word_1_93' title='bbox 243 1457 404 1536; x_wconf 78' lang='lat' dir='ltr'>scripsisse</span> <span class='ocrx_word' id='word_1_94' title='bbox 426 1455 605 1547; x_wconf 78' lang='lat' dir='ltr'>Suetonium</span> <span class='ocrx_word' id='word_1_95' title='bbox 619 1452 702 1513; x_wconf 91' lang='lat' dir='ltr'>Plini</span> <span class='ocrx_word' id='word_1_96' title='bbox 722 1451 848 1511; x_wconf 88' lang='lat' dir='ltr'>iunioris</span> <span class='ocrx_word' id='word_1_97' title='bbox 869 1452 988 1525; x_wconf 81' lang='lat' dir='ltr'>vitam,</span> <span class='ocrx_word' id='word_1_98' title='bbox 1020 1460 1124 1513; x_wconf 73' lang='lat' dir='ltr'>temen</span> <span class='ocrx_word' id='word_1_99' title='bbox 1144 1455 1226 1515; x_wconf 89' lang='lat' dir='ltr'>iusto</span> <span class='ocrx_word' id='word_1_100' title='bbox 1248 1457 1315 1516; x_wconf 91' lang='lat' dir='ltr'>lon·</span> 
     </span>
     <span class='ocr_line' id='line_1_12' title="bbox 164 1550 1316 1639; baseline 0.001 -22"><span class='ocrx_word' id='word_1_101' title='bbox 164 1558 232 1636; x_wconf 75' lang='lat' dir='ltr'>gius</span> <span class='ocrx_word' id='word_1_102' title='bbox 243 1576 425 1639; x_wconf 74' lang='lat' dir='ltr'>progressus</span> <span class='ocrx_word' id='word_1_103' title='bbox 440 1564 503 1629; x_wconf 90' lang='lat' dir='ltr'>est,</span> <span class='ocrx_word' id='word_1_104' title='bbox 526 1574 594 1614; x_wconf 87' lang='lat' dir='ltr'>cum</span> <span class='ocrx_word' id='word_1_105' title='bbox 606 1554 760 1615; x_wconf 86' lang='lat' dir='ltr'>silentium</span> <span class='ocrx_word' id='word_1_106' title='bbox 770 1550 928 1630; x_wconf 87' lang='lat' dir='ltr'>scriptoris</span> <span class='ocrx_word' id='word_1_107' title='bbox 945 1551 984 1612; x_wconf 89' lang='lat' dir='ltr'>de</span> <span class='ocrx_word' id='word_1_108' title='bbox 996 1552 1118 1633; x_wconf 85' lang='lat' dir='ltr'>homine</span> <span class='ocrx_word' id='word_1_109' title='bbox 1128 1557 1316 1617; x_wconf 77' lang='lat' dir='ltr'>amicissimo</span> 
     </span>
     <span class='ocr_line' id='line_1_13' title="bbox 165 1652 1315 1738; baseline -0.003 -19"><span class='ocrx_word' id='word_1_110' title='bbox 165 1660 451 1738; x_wconf 82' lang='lat' dir='ltr'>iteinterpretatur‚</span> <span class='ocrx_word' id='word_1_111' title='bbox 464 1665 498 1716; x_wconf 92' lang='lat' dir='ltr'>ut</span> <span class='ocrx_word' id='word_1_112' title='bbox 512 1656 622 1716; x_wconf 88' lang='lat' dir='ltr'>librum</span> <span class='ocrx_word' id='word_1_113' title='bbox 635 1663 706 1715; x_wconf 82' lang='lat' dir='ltr'>ente</span> <span class='ocrx_word' id='word_1_114' title='bbox 720 1662 850 1713; x_wconf 87' lang='lat' dir='ltr'>mortem</span> <span class='ocrx_word' id='word_1_115' title='bbox 863 1653 929 1713; x_wconf 88' lang='lat' dir='ltr'>eius</span> <span class='ocrx_word' id='word_1_116' title='bbox 945 1652 978 1713; x_wconf 88' lang='lat' dir='ltr'>id</span> <span class='ocrx_word' id='word_1_117' title='bbox 990 1658 1038 1715; x_wconf 81' lang='lat' dir='ltr'>eit</span> <span class='ocrx_word' id='word_1_118' title='bbox 1049 1663 1122 1715; x_wconf 75' lang='lat' dir='ltr'>ente</span> <span class='ocrx_word' id='word_1_119' title='bbox 1136 1677 1165 1715; x_wconf 83' lang='lat' dir='ltr'>a.</span> <span class='ocrx_word' id='word_1_120' title='bbox 1185 1666 1236 1721; x_wconf 84' lang='lat' dir='ltr'>ns</span> <span class='ocrx_word' id='word_1_121' title='bbox 1250 1657 1315 1717; x_wconf 90' lang='lat' dir='ltr'>edi·</span> 
     </span>
     <span class='ocr_line' id='line_1_14' title="bbox 166 1755 1317 1839; baseline 0 -20"><span class='ocrx_word' id='word_1_122' title='bbox 166 1769 228 1819; x_wconf 87' lang='lat' dir='ltr'>tum</span> <span class='ocrx_word' id='word_1_123' title='bbox 248 1777 318 1819; x_wconf 86' lang='lat' dir='ltr'>esse</span> <span class='ocrx_word' id='word_1_124' title='bbox 333 1765 492 1819; x_wconf 77' lang='lat' dir='ltr'>statueret</span> <span class='ocrx_word' id='word_1_125' title='bbox 525 1756 634 1817; x_wconf 87' lang='lat' dir='ltr'>eodem</span> <span class='ocrx_word' id='word_1_126' title='bbox 649 1757 716 1815; x_wconf 90' lang='lat' dir='ltr'>iure</span> <span class='ocrx_word' id='word_1_127' title='bbox 731 1755 831 1834; x_wconf 84' lang='lat' dir='ltr'>possis</span> <span class='ocrx_word' id='word_1_128' title='bbox 849 1756 999 1833; x_wconf 84' lang='lat' dir='ltr'>suspicari</span> <span class='ocrx_word' id='word_1_129' title='bbox 1016 1756 1213 1831; x_wconf 84' lang='lat' dir='ltr'>Suetonium,</span> <span class='ocrx_word' id='word_1_130' title='bbox 1231 1759 1317 1839; x_wconf 88' lang='lat' dir='ltr'>qnod</span> 
     </span>
     <span class='ocr_line' id='line_1_15' title="bbox 166 1854 1317 1928; baseline 0 -8"><span class='ocrx_word' id='word_1_131' title='bbox 166 1860 242 1920; x_wconf 89' lang='lat' dir='ltr'>nihil</span> <span class='ocrx_word' id='word_1_132' title='bbox 264 1858 302 1919; x_wconf 91' lang='lat' dir='ltr'>de</span> <span class='ocrx_word' id='word_1_133' title='bbox 328 1862 393 1920; x_wconf 83' lang='lat' dir='ltr'>vita</span> <span class='ocrx_word' id='word_1_134' title='bbox 415 1858 540 1919; x_wconf 83' lang='lat' dir='ltr'>Nervae</span> <span class='ocrx_word' id='word_1_135' title='bbox 558 1865 589 1916; x_wconf 89' lang='grc'>11</span> <span class='ocrx_word' id='word_1_136' title='bbox 612 1857 741 1915; x_wconf 83' lang='lat' dir='ltr'>Traiani</span> <span class='ocrx_word' id='word_1_137' title='bbox 763 1854 904 1928; x_wconf 84' lang='lat' dir='ltr'>tradidit,</span> <span class='ocrx_word' id='word_1_138' title='bbox 934 1855 1100 1917; x_wconf 69' lang='lat' dir='ltr'>Caesarum</span> <span class='ocrx_word' id='word_1_139' title='bbox 1126 1858 1222 1920; x_wconf 89' lang='lat' dir='ltr'>libros</span> <span class='ocrx_word' id='word_1_140' title='bbox 1244 1868 1317 1920; x_wconf 81' lang='lat' dir='ltr'>ante</span> 
     </span>
     <span class='ocr_line' id='line_1_16' title="bbox 165 1948 1316 2040; baseline 0.002 -20"><span class='ocrx_word' id='word_1_141' title='bbox 165 1959 452 2040; x_wconf 70' lang='grc'><strong>1961111111111.</strong></span> <span class='ocrx_word' id='word_1_142' title='bbox 484 1956 566 2038; x_wconf 88' lang='lat' dir='ltr'>quod</span> <span class='ocrx_word' id='word_1_143' title='bbox 587 1957 711 2037; x_wconf 86' lang='lat' dir='ltr'>quidem</span> <span class='ocrx_word' id='word_1_144' title='bbox 725 1977 765 2017; x_wconf 89' lang='lat' dir='ltr'>ne</span> <span class='ocrx_word' id='word_1_145' title='bbox 780 1958 897 2029; x_wconf 79' lang='lat' dir='ltr'>facias,</span> <span class='ocrx_word' id='word_1_146' title='bbox 927 1948 1044 2018; x_wconf 78' lang='lat' dir='ltr'>diserte</span> <span class='ocrx_word' id='word_1_147' title='bbox 1065 1961 1241 2021; x_wconf 83' lang='lat' dir='ltr'>testimonia</span> <span class='ocrx_word' id='word_1_148' title='bbox 1263 1960 1316 2021; x_wconf 82' lang='lat' dir='ltr'>ob</span> 
     </span>
     <span class='ocr_line' id='line_1_17' title="bbox 166 2058 1318 2141; baseline -0.001 -18"><span class='ocrx_word' id='word_1_149' title='bbox 166 2068 257 2125; x_wconf 78' lang='lat' dir='ltr'>stent.</span> <span class='ocrx_word' id='word_1_150' title='bbox 296 2061 445 2138; x_wconf 83' lang='lat' dir='ltr'>igiturne</span> <span class='ocrx_word' id='word_1_151' title='bbox 468 2058 538 2139; x_wconf 86' lang='lat' dir='ltr'>plus</span> <span class='ocrx_word' id='word_1_152' title='bbox 560 2058 661 2120; x_wconf 89' lang='lat' dir='ltr'>dicam</span> <span class='ocrx_word' id='word_1_153' title='bbox 682 2061 760 2121; x_wconf 88' lang='lat' dir='ltr'>nihil</span> <span class='ocrx_word' id='word_1_154' title='bbox 785 2079 842 2120; x_wconf 88' lang='lat' dir='ltr'>nos</span> <span class='ocrx_word' id='word_1_155' title='bbox 867 2068 1017 2132; x_wconf 81' lang='lat' dir='ltr'>moratur,</span> <span class='ocrx_word' id='word_1_156' title='bbox 1042 2062 1205 2141; x_wconf 83' lang='lat' dir='ltr'>quominus</span> <span class='ocrx_word' id='word_1_157' title='bbox 1223 2063 1318 2123; x_wconf 75' lang='lat' dir='ltr'>sliam</span> 
     </span>
     <span class='ocr_line' id='line_1_18' title="bbox 166 2160 1318 2250; baseline 0.001 -27"><span class='ocrx_word' id='word_1_158' title='bbox 166 2160 341 2242; x_wconf 72' lang='lat' dir='ltr'>explicandi</span> <span class='ocrx_word' id='word_1_159' title='bbox 354 2162 437 2221; x_wconf 81' lang='lat' dir='ltr'>viem</span> <span class='ocrx_word' id='word_1_160' title='bbox 450 2160 583 2241; x_wconf 71' lang='lat' dir='ltr'>ingressi</span> <span class='ocrx_word' id='word_1_161' title='bbox 595 2161 774 2221; x_wconf 86' lang='lat' dir='ltr'>Suetonium</span> <span class='ocrx_word' id='word_1_162' title='bbox 792 2163 888 2221; x_wconf 77' lang='lat' dir='ltr'>vitem</span> <span class='ocrx_word' id='word_1_163' title='bbox 904 2160 986 2221; x_wconf 89' lang='lat' dir='ltr'>Plini</span> <span class='ocrx_word' id='word_1_164' title='bbox 1002 2163 1136 2250; x_wconf 24' lang='lat' dir='ltr'>oratoris!</span> <span class='ocrx_word' id='word_1_165' title='bbox 1150 2171 1318 2243; x_wconf 78' lang='lat' dir='ltr'>propterea</span> 
     </span>
     <span class='ocr_line' id='line_1_19' title="bbox 165 2261 1319 2345; baseline 0.001 -20"><span class='ocrx_word' id='word_1_166' title='bbox 165 2285 227 2325; x_wconf 90' lang='lat' dir='ltr'>uon</span> <span class='ocrx_word' id='word_1_167' title='bbox 249 2263 412 2343; x_wconf 82' lang='lat' dir='ltr'>scripsisse,</span> <span class='ocrx_word' id='word_1_168' title='bbox 433 2263 588 2337; x_wconf 89' lang='lat' dir='ltr'>dicamus,</span> <span class='ocrx_word' id='word_1_169' title='bbox 612 2262 695 2343; x_wconf 90' lang='lat' dir='ltr'>quod</span> <span class='ocrx_word' id='word_1_170' title='bbox 715 2281 785 2322; x_wconf 91' lang='lat' dir='ltr'>eum</span> <span class='ocrx_word' id='word_1_171' title='bbox 805 2261 897 2323; x_wconf 89' lang='lat' dir='ltr'>linem</span> <span class='ocrx_word' id='word_1_172' title='bbox 917 2281 1008 2343; x_wconf 83' lang='lat' dir='ltr'>quens</span> <span class='ocrx_word' id='word_1_173' title='bbox 1030 2263 1088 2325; x_wconf 91' lang='lat' dir='ltr'>sibi</span> <span class='ocrx_word' id='word_1_174' title='bbox 1102 2266 1319 2345; x_wconf 84' lang='lat' dir='ltr'>proposuisset</span> 
     </span>
     <span class='ocr_line' id='line_1_20' title="bbox 165 2363 904 2429; baseline -0.008 0"><span class='ocrx_word' id='word_1_175' title='bbox 165 2366 333 2429; x_wconf 70' lang='lat' dir='ltr'>Domitiani</span> <span class='ocrx_word' id='word_1_176' title='bbox 351 2372 485 2427; x_wconf 83' lang='lat' dir='ltr'>setetsm</span> <span class='ocrx_word' id='word_1_177' title='bbox 495 2363 646 2425; x_wconf 85' lang='lat' dir='ltr'>uoluisset</span> <span class='ocrx_word' id='word_1_178' title='bbox 663 2363 826 2424; x_wconf 76' lang='lat' dir='ltr'>excedere.</span> <span class='ocrx_word' id='word_1_179' title='bbox 898 2381 904 2388; x_wconf 91' lang='lat'><strong>·</strong></span> 
     </span>
    </p>

    <p class='ocr_par' dir='ltr' id='par_1_3' title="bbox 166 2463 1353 4477">
     <span class='ocr_line' id='line_1_21' title="bbox 249 2463 1319 2547; baseline 0.003 -20"><span class='ocrx_word' id='word_1_180' title='bbox 249 2468 287 2527; x_wconf 92' lang='lat' dir='ltr'>In</span> <span class='ocrx_word' id='word_1_181' title='bbox 311 2464 520 2547; x_wconf 88' lang='lat' dir='ltr'>superioribus</span> <span class='ocrx_word' id='word_1_182' title='bbox 547 2467 662 2545; x_wconf 83' lang='lat' dir='ltr'>passim</span> <span class='ocrx_word' id='word_1_183' title='bbox 689 2463 842 2525; x_wconf 87' lang='lat' dir='ltr'>iudicium·</span> <span class='ocrx_word' id='word_1_184' title='bbox 855 2464 984 2527; x_wconf 81' lang='lat' dir='ltr'>Suetoni</span> <span class='ocrx_word' id='word_1_185' title='bbox 1012 2466 1159 2545; x_wconf 74' lang='lat' dir='ltr'>detegere</span> <span class='ocrx_word' id='word_1_186' title='bbox 1186 2478 1319 2530; x_wconf 80' lang='lat' dir='ltr'>conatus</span> 
     </span>
     <span class='ocr_line' id='line_1_22' title="bbox 168 2568 1318 2655; baseline 0.002 -26"><span class='ocrx_word' id='word_1_187' title='bbox 168 2590 246 2642; x_wconf 88' lang='lat' dir='ltr'>sum,</span> <span class='ocrx_word' id='word_1_188' title='bbox 270 2589 331 2649; x_wconf 91' lang='lat' dir='ltr'>qno</span> <span class='ocrx_word' id='word_1_189' title='bbox 353 2568 471 2629; x_wconf 82' lang='lat' dir='ltr'>litteras</span> <span class='ocrx_word' id='word_1_190' title='bbox 491 2568 646 2628; x_wconf 78' lang='grc'><strong>1101111111</strong></span> <span class='ocrx_word' id='word_1_191' title='bbox 665 2585 831 2655; x_wconf 76' lang='lat' dir='ltr'>eurumque</span> <span class='ocrx_word' id='word_1_192' title='bbox 848 2575 989 2628; x_wconf 83' lang='lat' dir='ltr'>auctores</span> <span class='ocrx_word' id='word_1_193' title='bbox 1003 2570 1215 2647; x_wconf 79' lang='lat' dir='ltr'>pertractarit.</span> <span class='ocrx_word' id='word_1_194' title='bbox 1251 2573 1318 2651; x_wconf 90' lang='lat' dir='ltr'>qui·</span> 
     </span>
     <span class='ocr_line' id='line_1_23' title="bbox 167 2667 1318 2749; baseline 0.003 -19"><span class='ocrx_word' id='word_1_195' title='bbox 167 2671 223 2730; x_wconf 91' lang='lat' dir='ltr'>bus</span> <span class='ocrx_word' id='word_1_196' title='bbox 244 2669 508 2731; x_wconf 79' lang='lat' dir='ltr'>observationibus</span> <span class='ocrx_word' id='word_1_197' title='bbox 530 2668 676 2730; x_wconf 89' lang='lat' dir='ltr'>nonnulla</span> <span class='ocrx_word' id='word_1_198' title='bbox 697 2688 776 2747; x_wconf 87' lang='lat' dir='ltr'>quae</span> <span class='ocrx_word' id='word_1_199' title='bbox 797 2667 906 2729; x_wconf 87' lang='lat' dir='ltr'>eodem</span> <span class='ocrx_word' id='word_1_200' title='bbox 929 2672 1103 2749; x_wconf 85' lang='lat' dir='ltr'>pertineant</span> <span class='ocrx_word' id='word_1_201' title='bbox 1117 2671 1243 2735; x_wconf 83' lang='lat' dir='ltr'>adicere</span> <span class='ocrx_word' id='word_1_202' title='bbox 1271 2675 1318 2734; x_wconf 93' lang='lat' dir='ltr'>lu·</span> 
     </span>
     <span class='ocr_line' id='line_1_24' title="bbox 166 2769 1319 2849; baseline 0.001 -16"><span class='ocrx_word' id='word_1_203' title='bbox 166 2773 228 2834; x_wconf 85' lang='lat' dir='ltr'>bet.</span> <span class='ocrx_word' id='word_1_204' title='bbox 262 2791 314 2831; x_wconf 82' lang='lat' dir='ltr'>sex</span> <span class='ocrx_word' id='word_1_205' title='bbox 331 2772 500 2831; x_wconf 85' lang='lat' dir='ltr'>litterarum</span> <span class='ocrx_word' id='word_1_206' title='bbox 516 2792 632 2849; x_wconf 78' lang='lat' dir='ltr'>genera</span> <span class='ocrx_word' id='word_1_207' title='bbox 648 2769 832 2828; x_wconf 84' lang='lat' dir='ltr'>constituere</span> <span class='ocrx_word' id='word_1_208' title='bbox 853 2769 980 2830; x_wconf 85' lang='lat' dir='ltr'>Suetoni</span> <span class='ocrx_word' id='word_1_209' title='bbox 997 2781 1098 2832; x_wconf 85' lang='lat' dir='ltr'>aetate</span> <span class='ocrx_word' id='word_1_210' title='bbox 1120 2794 1177 2832; x_wconf 87' lang='lat' dir='ltr'>usu</span> <span class='ocrx_word' id='word_1_211' title='bbox 1195 2775 1319 2834; x_wconf 88' lang='lat' dir='ltr'>videtur</span> 
     </span>
     <span class='ocr_line' id='line_1_25' title="bbox 167 2871 1319 2954; baseline 0.006 -23"><span class='ocrx_word' id='word_1_212' title='bbox 167 2880 324 2950; x_wconf 88' lang='lat' dir='ltr'>receptum</span> <span class='ocrx_word' id='word_1_213' title='bbox 340 2872 449 2944; x_wconf 83' lang='lat' dir='ltr'>fuisse,</span> <span class='ocrx_word' id='word_1_214' title='bbox 470 2874 620 2954; x_wconf 82' lang='lat' dir='ltr'>siquidem</span> <span class='ocrx_word' id='word_1_215' title='bbox 638 2871 767 2931; x_wconf 79' lang='lat' dir='ltr'>eundern</span> <span class='ocrx_word' id='word_1_216' title='bbox 782 2871 952 2930; x_wconf 87' lang='lat' dir='ltr'>litterarum</span> <span class='ocrx_word' id='word_1_217' title='bbox 965 2872 1145 2935; x_wconf 88' lang='lat' dir='ltr'>divisionem</span> <span class='ocrx_word' id='word_1_218' title='bbox 1159 2878 1319 2939; x_wconf 84' lang='lat' dir='ltr'>Iuvenalis</span> 
     </span>
     <span class='ocr_line' id='line_1_26' title="bbox 168 2971 1319 3057; baseline 0.003 -24"><span class='ocrx_word' id='word_1_219' title='bbox 168 2984 271 3033; x_wconf 81' lang='lat' dir='ltr'>satura</span> <span class='ocrx_word' id='word_1_220' title='bbox 286 2974 348 3032; x_wconf 85' lang='lat' dir='ltr'>Vll</span> <span class='ocrx_word' id='word_1_221' title='bbox 372 2978 519 3051; x_wconf 86' lang='lat' dir='ltr'>agnoscit.</span> <span class='ocrx_word' id='word_1_222' title='bbox 560 2973 773 3034; x_wconf 85' lang='lat' dir='ltr'>desiderantur</span> <span class='ocrx_word' id='word_1_223' title='bbox 797 2971 923 3051; x_wconf 88' lang='lat' dir='ltr'>quidcm&#39;</span> <span class='ocrx_word' id='word_1_224' title='bbox 939 2973 1020 3052; x_wconf 85' lang='lat' dir='ltr'>apud</span> <span class='ocrx_word' id='word_1_225' title='bbox 1042 2995 1111 3034; x_wconf 86' lang='lat' dir='ltr'>eum</span> <span class='ocrx_word' id='word_1_226' title='bbox 1132 2977 1319 3057; x_wconf 89' lang='lat' dir='ltr'>philosophi,</span> 
     </span>
     <span class='ocr_line' id='line_1_27' title="bbox 168 3066 1353 3138; baseline 0.003 -4"><span class='ocrx_word' id='word_1_227' title='bbox 168 3074 222 3134; x_wconf 89' lang='lat' dir='ltr'>sed</span> <span class='ocrx_word' id='word_1_228' title='bbox 246 3094 349 3133; x_wconf 88' lang='lat' dir='ltr'>eorurn</span> <span class='ocrx_word' id='word_1_229' title='bbox 370 3078 687 3137; x_wconf 84' lang='lat' dir='ltr'>commemorationem</span> <span class='ocrx_word' id='word_1_230' title='bbox 708 3075 787 3132; x_wconf 79' lang='lat' dir='ltr'>inter</span> <span class='ocrx_word' id='word_1_231' title='bbox 806 3073 968 3133; x_wconf 82' lang='lat' dir='ltr'>historicos</span> <span class='ocrx_word' id='word_1_232' title='bbox 991 3083 1021 3133; x_wconf 91' lang='lat' dir='ltr'>et</span> <span class='ocrx_word' id='word_1_233' title='bbox 1043 3086 1179 3137; x_wconf 88' lang='lat' dir='ltr'>oratores</span> <span class='ocrx_word' id='word_1_234' title='bbox 1195 3079 1319 3138; x_wconf 81' lang='lat' dir='ltr'>intorsi·</span> <span class='ocrx_word' id='word_1_235' title='bbox 1350 3066 1353 3071; x_wconf 51' lang='grc'><strong><em>’</em></strong></span> 
     </span>
     <span class='ocr_line' id='line_1_28' title="bbox 167 3175 1319 3255; baseline 0.006 -22"><span class='ocrx_word' id='word_1_236' title='bbox 167 3175 248 3235; x_wconf 87' lang='lat' dir='ltr'>disse</span> <span class='ocrx_word' id='word_1_237' title='bbox 260 3175 458 3255; x_wconf 84' lang='lat' dir='ltr'>probabiliter</span> <span class='ocrx_word' id='word_1_238' title='bbox 469 3177 507 3240; x_wconf 92' lang='grc' dir='ltr'>Ο.</span> <span class='ocrx_word' id='word_1_239' title='bbox 518 3177 647 3237; x_wconf 82' lang='lat' dir='ltr'>Iahnius</span> <span class='ocrx_word' id='word_1_240' title='bbox 660 3175 842 3254; x_wconf 87' lang='lat' dir='ltr'>suspicatur.</span> <span class='ocrx_word' id='word_1_241' title='bbox 860 3195 930 3233; x_wconf 85' lang='lat' dir='ltr'>nam</span> <span class='ocrx_word' id='word_1_242' title='bbox 943 3175 1025 3235; x_wconf 86' lang='lat' dir='ltr'>etde</span> <span class='ocrx_word' id='word_1_243' title='bbox 1038 3177 1192 3238; x_wconf 85' lang='lat' dir='ltr'>historicis</span> <span class='ocrx_word' id='word_1_244' title='bbox 1208 3181 1236 3238; x_wconf 89' lang='lat' dir='ltr'>si</span> <span class='ocrx_word' id='word_1_245' title='bbox 1249 3182 1319 3240; x_wconf 83' lang='lat' dir='ltr'>reli-</span> 
     </span>
     <span class='ocr_line' id='line_1_29' title="bbox 168 3275 1320 3363; baseline 0.004 -28"><span class='ocrx_word' id='word_1_246' title='bbox 168 3297 225 3336; x_wconf 81' lang='lat' dir='ltr'>cua</span> <span class='ocrx_word' id='word_1_247' title='bbox 238 3288 359 3357; x_wconf 86' lang='lat' dir='ltr'>spectas</span> <span class='ocrx_word' id='word_1_248' title='bbox 372 3288 406 3337; x_wconf 89' lang='lat' dir='ltr'>ut</span> <span class='ocrx_word' id='word_1_249' title='bbox 419 3301 499 3340; x_wconf 91' lang='lat' dir='ltr'>nuuc</span> <span class='ocrx_word' id='word_1_250' title='bbox 512 3301 561 3339; x_wconf 87' lang='lat' dir='ltr'>res</span> <span class='ocrx_word' id='word_1_251' title='bbox 576 3299 610 3338; x_wconf 88' lang='lat' dir='ltr'>se</span> <span class='ocrx_word' id='word_1_252' title='bbox 632 3276 727 3363; x_wconf 77' lang='lat' dir='ltr'>lrabet</span> <span class='ocrx_word' id='word_1_253' title='bbox 742 3277 831 3335; x_wconf 86' lang='lat' dir='ltr'>nimis</span> <span class='ocrx_word' id='word_1_254' title='bbox 843 3275 979 3336; x_wconf 82' lang='lat' dir='ltr'>breviter</span> <span class='ocrx_word' id='word_1_255' title='bbox 990 3279 1091 3355; x_wconf 81' lang='lat' dir='ltr'>agitur</span> <span class='ocrx_word' id='word_1_256' title='bbox 1104 3286 1135 3337; x_wconf 88' lang='lat' dir='ltr'>et</span> <span class='ocrx_word' id='word_1_257' title='bbox 1149 3299 1241 3339; x_wconf 86' lang='lat' dir='ltr'>versu</span> <span class='ocrx_word' id='word_1_258' title='bbox 1258 3301 1320 3361; x_wconf 89' lang='lat' dir='ltr'>quo</span> 
     </span>
     <span class='ocr_line' id='line_1_30' title="bbox 168 3377 1322 3458; baseline 0.004 -21"><span class='ocrx_word' id='word_1_259' title='bbox 168 3381 312 3439; x_wconf 84' lang='lat' dir='ltr'>transitus</span> <span class='ocrx_word' id='word_1_260' title='bbox 325 3380 364 3439; x_wconf 84' lang='lat' dir='ltr'>nd</span> <span class='ocrx_word' id='word_1_261' title='bbox 380 3391 516 3440; x_wconf 84' lang='lat' dir='ltr'>oratores</span> <span class='ocrx_word' id='word_1_262' title='bbox 531 3381 567 3440; x_wconf 87' lang='lat' dir='ltr'>fit</span> <span class='ocrx_word' id='word_1_263' title='bbox 578 3377 656 3458; x_wconf 81' lang='lat'>(105)</span> <span class='ocrx_word' id='word_1_264' title='bbox 669 3383 721 3439; x_wconf 82' lang='lat' dir='ltr'>sed</span> <span class='ocrx_word' id='word_1_265' title='bbox 736 3397 827 3453; x_wconf 77' lang='lat' dir='ltr'>penus</span> <span class='ocrx_word' id='word_1_266' title='bbox 845 3382 980 3453; x_wconf 71' lang='lat' dir='ltr'>ipsarum</span> <span class='ocrx_word' id='word_1_267' title='bbox 993 3384 1071 3453; x_wconf 83' lang='lat' dir='ltr'>quod</span> <span class='ocrx_word' id='word_1_268' title='bbox 1087 3383 1159 3438; x_wconf 81' lang='lat' dir='ltr'>lecto</span> <span class='ocrx_word' id='word_1_269' title='bbox 1168 3387 1278 3455; x_wconf 77' lang='lat' dir='ltr'>pandet</span> <span class='ocrx_word' id='word_1_270' title='bbox 1293 3394 1322 3442; x_wconf 86' lang='lat' dir='ltr'>et</span> 
     </span>
     <span class='ocr_line' id='line_1_31' title="bbox 169 3478 1320 3562; baseline 0.006 -23"><span class='ocrx_word' id='word_1_271' title='bbox 169 3486 271 3540; x_wconf 74' lang='lat' dir='ltr'>sembra</span> <span class='ocrx_word' id='word_1_272' title='bbox 286 3483 387 3561; x_wconf 87' lang='lat' dir='ltr'>aptius</span> <span class='ocrx_word' id='word_1_273' title='bbox 409 3482 654 3561; x_wconf 87' lang='lat' dir='ltr'>philosophorum</span> <span class='ocrx_word' id='word_1_274' title='bbox 677 3480 779 3540; x_wconf 84' lang='lat' dir='ltr'>studia</span> <span class='ocrx_word' id='word_1_275' title='bbox 794 3478 964 3540; x_wconf 85' lang='lat' dir='ltr'>inridentur</span> <span class='ocrx_word' id='word_1_276' title='bbox 984 3502 1076 3562; x_wconf 86' lang='lat' dir='ltr'>quam</span> <span class='ocrx_word' id='word_1_277' title='bbox 1095 3480 1320 3546; x_wconf 84' lang='lat' dir='ltr'>historicorum.</span> 
     </span>
     <span class='ocr_line' id='line_1_32' title="bbox 169 3581 1320 3661; baseline 0.005 -21"><span class='ocrx_word' id='word_1_278' title='bbox 169 3584 304 3661; x_wconf 87' lang='lat' dir='ltr'>inprimis</span> <span class='ocrx_word' id='word_1_279' title='bbox 318 3594 418 3643; x_wconf 85' lang='grc'><strong>1111111</strong></span> <span class='ocrx_word' id='word_1_280' title='bbox 438 3583 476 3643; x_wconf 90' lang='lat' dir='ltr'>ad</span> <span class='ocrx_word' id='word_1_281' title='bbox 492 3585 640 3645; x_wconf 87' lang='lat' dir='ltr'>rationem</span> <span class='ocrx_word' id='word_1_282' title='bbox 654 3593 684 3643; x_wconf 89' lang='lat' dir='ltr'>et</span> <span class='ocrx_word' id='word_1_283' title='bbox 697 3582 857 3641; x_wconf 86' lang='lat' dir='ltr'>consilium</span> <span class='ocrx_word' id='word_1_284' title='bbox 870 3582 939 3641; x_wconf 86' lang='lat' dir='ltr'>libri</span> <span class='ocrx_word' id='word_1_285' title='bbox 950 3581 1174 3642; x_wconf 87' lang='lat' dir='ltr'>inlustrandum</span> <span class='ocrx_word' id='word_1_286' title='bbox 1190 3585 1320 3659; x_wconf 81' lang='lat' dir='ltr'>faciunt,</span> 
     </span>
     <span class='ocr_line' id='line_1_33' title="bbox 171 3683 1320 3765; baseline 0.006 -23"><span class='ocrx_word' id='word_1_287' title='bbox 171 3704 249 3763; x_wconf 84' lang='lat' dir='ltr'>quae</span> <span class='ocrx_word' id='word_1_288' title='bbox 275 3705 368 3765; x_wconf 86' lang='lat' dir='ltr'>supra</span> <span class='ocrx_word' id='word_1_289' title='bbox 393 3687 432 3746; x_wconf 90' lang='lat' dir='ltr'>do</span> <span class='ocrx_word' id='word_1_290' title='bbox 453 3685 623 3745; x_wconf 88' lang='lat' dir='ltr'>oratoribus</span> <span class='ocrx_word' id='word_1_291' title='bbox 640 3695 671 3747; x_wconf 90' lang='grc'>11</span> <span class='ocrx_word' id='word_1_292' title='bbox 690 3686 843 3745; x_wconf 87' lang='lat' dir='ltr'>historicis</span> <span class='ocrx_word' id='word_1_293' title='bbox 860 3693 931 3744; x_wconf 85' lang='lat' dir='ltr'>auto</span> <span class='ocrx_word' id='word_1_294' title='bbox 949 3683 1129 3744; x_wconf 78' lang='lat' dir='ltr'>Sallustium</span> <span class='ocrx_word' id='word_1_295' title='bbox 1146 3688 1320 3749; x_wconf 76' lang='grc'><strong>11010110-</strong></span> 
     </span>
     <span class='ocr_line' id='line_1_34' title="bbox 169 3786 1321 3872; baseline 0.008 -30"><span class='ocrx_word' id='word_1_296' title='bbox 169 3806 237 3842; x_wconf 85' lang='grc'><strong>111111</strong></span> <span class='ocrx_word' id='word_1_297' title='bbox 257 3806 276 3843; x_wconf 85' lang='lat' dir='ltr'>a</span> <span class='ocrx_word' id='word_1_298' title='bbox 287 3786 436 3857; x_wconf 85' lang='lat' dir='ltr'>Suetonio</span> <span class='ocrx_word' id='word_1_299' title='bbox 452 3788 483 3846; x_wconf 91' lang='lat' dir='ltr'>iu</span> <span class='ocrx_word' id='word_1_300' title='bbox 496 3807 652 3847; x_wconf 89' lang='lat' dir='ltr'>numerum</span> <span class='ocrx_word' id='word_1_301' title='bbox 662 3789 835 3847; x_wconf 90' lang='lat' dir='ltr'>inlustrium</span> <span class='ocrx_word' id='word_1_302' title='bbox 853 3789 985 3846; x_wconf 85' lang='lat' dir='ltr'>virorum</span> <span class='ocrx_word' id='word_1_303' title='bbox 997 3808 1058 3846; x_wconf 90' lang='lat' dir='ltr'>non</span> <span class='ocrx_word' id='word_1_304' title='bbox 1074 3790 1208 3867; x_wconf 83' lang='lat' dir='ltr'>receptis</span> <span class='ocrx_word' id='word_1_305' title='bbox 1224 3811 1321 3872; x_wconf 83' lang='lat' dir='ltr'>expo·</span> 
     </span>
     <span class='ocr_line' id='line_1_35' title="bbox 168 3887 1320 3972; baseline 0.01 -29"><span class='ocrx_word' id='word_1_306' title='bbox 168 3887 231 3957; x_wconf 86' lang='lat' dir='ltr'>sui,</span> <span class='ocrx_word' id='word_1_307' title='bbox 254 3906 312 3964; x_wconf 91' lang='lat' dir='ltr'>quo</span> <span class='ocrx_word' id='word_1_308' title='bbox 325 3888 461 3947; x_wconf 89' lang='lat' dir='ltr'>instituto</span> <span class='ocrx_word' id='word_1_309' title='bbox 474 3890 636 3951; x_wconf 83' lang='lat' dir='ltr'>manifesto</span> <span class='ocrx_word' id='word_1_310' title='bbox 649 3912 682 3950; x_wconf 90' lang='grc'>11</span> <span class='ocrx_word' id='word_1_311' title='bbox 694 3892 837 3970; x_wconf 89' lang='lat' dir='ltr'>opposuit</span> <span class='ocrx_word' id='word_1_312' title='bbox 848 3891 1088 3968; x_wconf 76' lang='lat' dir='ltr'>antiquariorum</span> <span class='ocrx_word' id='word_1_313' title='bbox 1099 3889 1225 3963; x_wconf 83' lang='lat' dir='ltr'>studiis,</span> <span class='ocrx_word' id='word_1_314' title='bbox 1239 3912 1320 3972; x_wconf 85' lang='lat' dir='ltr'>quae</span> 
     </span>
     <span class='ocr_line' id='line_1_36' title="bbox 168 3987 1320 4073; baseline 0.007 -27"><span class='ocrx_word' id='word_1_315' title='bbox 168 3994 269 4046; x_wconf 82' lang='lat' dir='ltr'>aetate</span> <span class='ocrx_word' id='word_1_316' title='bbox 286 3987 397 4047; x_wconf 83' lang='grc'><strong>1111111</strong></span> <span class='ocrx_word' id='word_1_317' title='bbox 418 3989 483 4049; x_wconf 87' lang='lat' dir='ltr'>dics</span> <span class='ocrx_word' id='word_1_318' title='bbox 499 3995 596 4070; x_wconf 80' lang='lat' dir='ltr'>magis</span> <span class='ocrx_word' id='word_1_319' title='bbox 619 3995 815 4054; x_wconf 79' lang='lat' dir='ltr'>efflorescere</span> <span class='ocrx_word' id='word_1_320' title='bbox 839 4000 1022 4073; x_wconf 84' lang='lat' dir='ltr'>coeperunt,</span> <span class='ocrx_word' id='word_1_321' title='bbox 1048 3991 1147 4051; x_wconf 87' lang='lat' dir='ltr'>donee</span> <span class='ocrx_word' id='word_1_322' title='bbox 1166 3993 1320 4054; x_wconf 83' lang='lat' dir='ltr'>Hadriani</span> 
     </span>
     <span class='ocr_line' id='line_1_37' title="bbox 169 4088 1321 4173; baseline 0.007 -26"><span class='ocrx_word' id='word_1_323' title='bbox 169 4088 309 4168; x_wconf 76' lang='lat' dir='ltr'>exemplo</span> <span class='ocrx_word' id='word_1_324' title='bbox 325 4089 363 4148; x_wconf 88' lang='lat' dir='ltr'>ad</span> <span class='ocrx_word' id='word_1_325' title='bbox 381 4110 529 4149; x_wconf 89' lang='lat' dir='ltr'>sunnnum</span> <span class='ocrx_word' id='word_1_326' title='bbox 543 4093 700 4173; x_wconf 78' lang='lat' dir='ltr'>fastigium</span> <span class='ocrx_word' id='word_1_327' title='bbox 723 4102 833 4154; x_wconf 85' lang='lat' dir='ltr'>evecta</span> <span class='ocrx_word' id='word_1_328' title='bbox 847 4100 926 4152; x_wconf 89' lang='lat' dir='ltr'>sunt.</span> <span class='ocrx_word' id='word_1_329' title='bbox 964 4092 1031 4171; x_wconf 83' lang='lat' dir='ltr'>pari</span> <span class='ocrx_word' id='word_1_330' title='bbox 1057 4092 1181 4152; x_wconf 85' lang='lat' dir='ltr'>fastidio</span> <span class='ocrx_word' id='word_1_331' title='bbox 1201 4098 1321 4173; x_wconf 88' lang='lat' dir='ltr'>sprevit</span> 
     </span>
     <span class='ocr_line' id='line_1_38' title="bbox 168 4191 1319 4275; baseline 0.006 -26"><span class='ocrx_word' id='word_1_332' title='bbox 168 4191 334 4251; x_wconf 84' lang='lat' dir='ltr'>Neroniani</span> <span class='ocrx_word' id='word_1_333' title='bbox 353 4193 468 4251; x_wconf 85' lang='lat' dir='ltr'>sacculi</span> <span class='ocrx_word' id='word_1_334' title='bbox 484 4195 622 4272; x_wconf 80' lang='lat' dir='ltr'>ingonia,</span> <span class='ocrx_word' id='word_1_335' title='bbox 644 4216 772 4275; x_wconf 90' lang='lat' dir='ltr'>quorum</span> <span class='ocrx_word' id='word_1_336' title='bbox 792 4196 960 4255; x_wconf 84' lang='lat' dir='ltr'>studiosam</span> <span class='ocrx_word' id='word_1_337' title='bbox 975 4216 1074 4254; x_wconf 83' lang='lat' dir='ltr'>rerum</span> <span class='ocrx_word' id='word_1_338' title='bbox 1095 4214 1245 4255; x_wconf 80' lang='lat' dir='ltr'>novarum</span> <span class='ocrx_word' id='word_1_339' title='bbox 1269 4218 1319 4256; x_wconf 82' lang='lat' dir='ltr'>ca-</span> 
     </span>
     <span class='ocr_line' id='line_1_39' title="bbox 169 4294 1319 4378; baseline 0.008 -28"><span class='ocrx_word' id='word_1_340' title='bbox 169 4294 315 4352; x_wconf 82' lang='lat' dir='ltr'>cozelirnn</span> <span class='ocrx_word' id='word_1_341' title='bbox 330 4314 390 4352; x_wconf 90' lang='lat' dir='ltr'>non</span> <span class='ocrx_word' id='word_1_342' title='bbox 407 4296 505 4354; x_wconf 89' lang='lat' dir='ltr'>minus</span> <span class='ocrx_word' id='word_1_343' title='bbox 527 4297 697 4357; x_wconf 82' lang='lat' dir='ltr'>detestatus</span> <span class='ocrx_word' id='word_1_344' title='bbox 720 4306 768 4358; x_wconf 88' lang='lat' dir='ltr'>est</span> <span class='ocrx_word' id='word_1_345' title='bbox 780 4318 871 4378; x_wconf 82' lang='lat' dir='ltr'>quam</span> <span class='ocrx_word' id='word_1_346' title='bbox 888 4318 1040 4356; x_wconf 87' lang='grc'><strong>1101011111</strong></span> <span class='ocrx_word' id='word_1_347' title='bbox 1056 4298 1248 4377; x_wconf 76' lang='lat' dir='ltr'>antiquitatis</span> <span class='ocrx_word' id='word_1_348' title='bbox 1264 4300 1319 4359; x_wconf 90' lang='lat' dir='ltr'>ad·</span> 
     </span>
     <span class='ocr_line' id='line_1_40' title="bbox 168 4394 1318 4477; baseline 0.008 -25"><span class='ocrx_word' id='word_1_349' title='bbox 168 4394 375 4456; x_wconf 77' lang='lat' dir='ltr'>sectationem.</span> <span class='ocrx_word' id='word_1_350' title='bbox 405 4397 491 4457; x_wconf 88' lang='lat' dir='ltr'>euius</span> <span class='ocrx_word' id='word_1_351' title='bbox 517 4399 562 4457; x_wconf 89' lang='lat' dir='ltr'>rei</span> <span class='ocrx_word' id='word_1_352' title='bbox 591 4401 747 4477; x_wconf 80' lang='lat' dir='ltr'>egregium</span> <span class='ocrx_word' id='word_1_353' title='bbox 772 4399 985 4459; x_wconf 88' lang='lat' dir='ltr'>documentum</span> <span class='ocrx_word' id='word_1_354' title='bbox 1012 4407 1060 4460; x_wconf 87' lang='lat' dir='ltr'>est</span> <span class='ocrx_word' id='word_1_355' title='bbox 1091 4400 1157 4459; x_wconf 81' lang='lat' dir='ltr'>vita</span> <span class='ocrx_word' id='word_1_356' title='bbox 1181 4401 1318 4461; x_wconf 78' lang='lat' dir='ltr'>Lucanii</span> 
     </span>
    </p>
   </div>
   <div class='ocr_carea' id='block_1_3' title="bbox 0 0 1493 5002">
    <p class='ocr_par' dir='ltr' id='par_1_4' title="bbox 0 0 1493 5002">
     <span class='ocr_line' id='line_1_41' title="bbox 0 0 1493 5002; baseline 0 0"><span class='ocrx_word' id='word_1_357' title='bbox 0 0 1493 5002; x_wconf 95' lang='lat' dir='ltr'> </span> 
     </span>
    </p>
   </div>
  </div>
 </body>
</html>
