2964 5002
154 366 217 432 254
660 376 790 421 rnnrvu

150 533 235 618 pire.
280 547 450 616 passerum
476 527 595 591 titiare.
648 547 746 613 apum
773 525 921 591 bombire
942 528 996 590 nel
1016 524 1211 592 bombilare.
1255 528 1294 591 ei·

154 630 310 695 sedarum
333 623 513 692 fritinnire.

45 820 144 895 162*
237 831 432 896 Antioohiae
467 827 578 892 ferunt
604 829 638 892 in
666 830 833 893 remotiori
863 838 954 916 parte
983 828 1074 895 urbis
1103 831 1300 919 crepusculo

154 942 303 998 necatum
331 930 439 994 uirum
466 930 523 1016 qni
551 945 671 994 canan
700 929 763 994 sibi
791 929 980 995 adiunctum
1005 930 1153 996 haberet.
1204 932 1302 998 miles

154 1034 289 1122 quidam
316 1029 498 1117 praedandi
526 1030 634 1095 studio
660 1031 810 1094 minister
837 1031 949 1096 caedis
977 1033 1141 1096 extiterat.
1191 1040 1322 1097 tectuss

153 1134 242 1199 idem
262 1131 437 1197 tenebroso
462 1129 570 1196 adhue
592 1130 659 1195 diei
681 1131 817 1197 exordio
838 1133 872 1196 in
896 1131 977 1197 alias
998 1141 1107 1220 partes
1127 1154 1301 1202 concesse·

155 1280 202 1341 tat
219 1286 276 1338 τῶν
315 1277 403 1351 εγῶλη
421 1282 504 1349 φωνῇ
520 1277 686 1335 καλούντων
702 1278 792 1343 τινάς.
828 1278 860 1336 τὸ
879 1277 912 1337 δὲ
929 1280 1024 1352 λέγειν
1040 1282 1090 1338 καλ
1109 1280 1302 1353 φθέγγεσθαι

153 1353 202 1408 καλ
222 1301 408 1418 διαλῗγεσθαι
427 1348 476 1402 καὶ
494 1353 592 1403 λαλεῖν
609 1349 660 1403 καλ
681 1343 779 1404 αύδῶν
800 1352 953 1419 ποιητικῶς
976 1347 1008 1405 τὸ
1030 1346 1181 1421 ἔντὶρθρως
1204 1348 1302 1420 λέγειν

153 1416 217 1491 ἤτοι
240 1416 272 1472 τὸ
294 1419 471 1486 προφθοικῷ
494 1419 620 1498 χρῆσθαι
649 1412 730 1487 λόγῳ.
772 1419 820 1471 iol.
844 1420 877 1471 67
902 1437 1013 1472 averso:
1040 1413 1161 1487 Ὀρνέων
1190 1419 1300 1488 φωναί.

151 1482 248 1542 Ἀετῶν
265 1481 297 1539 τὸ
316 1483 438 1572 κλύζειν.
474 1502 605 1566 γερανων
628 1480 660 1538 τὸ
678 1479 858 1566 κλργγιὶζειν.
895 1480 943 1564 ἔτι)
958 1478 1073 1555 ἀμφοῖν
1090 1482 1123 1539 δὲ
1141 1479 1161 1556 ἡ
1179 1481 1300 1555 κλαγγή.

154 1552 270 1624 ἱέρακος
299 1549 331 1606 δὲ
360 1557 465 1620 ρυζειν.
506 1552 695 1619 αλεκτρύονος
716 1554 809 1622 ᾳδειν.
850 1570 987 1621 τρυγονος
1009 1549 1128 1621 τρύζειν.
1169 1571 1301 1621 περιστε-

154 1624 207 1690 ρᾶς
224 1615 382 1690 γογγύζειν.
422 1615 552 1688 κορώνης
574 1615 699 1687 κρῶζειν.
735 1621 857 1674 κολοιῶν
878 1615 1002 1692 κλῶζειν.
1038 1617 1177 1689 κοψύχων
1199 1625 1299 1685 τίζειν.

154 1692 288 1757 τεττίγων
308 1687 469 1755 τερετίζειν.
511 1692 642 1757 μελίττης
664 1688 793 1757 βομβείν.
836 1685 941 1750 ἔντοτιος
964 1686 1134 1753 τιοττιτύζειν.
1175 1685 1301 1756 γλαυκὸς

155 1760 252 1823 νίζειν.
289 1756 457 1821 νυκτερίδος
475 1752 642 1824 τετριγέναι.
680 1751 838 1838 δράκοντος
860 1757 1011 1837 συρίττειν.
1052 1758 1149 1825 κίττης
1171 1756 1301 1824 nastasi-

154 1827 221 1902 ζειν.
259 1817 405 1890 χελιδόνος
423 1826 502 1902 patto
522 1825 599 1887 ίζειν.
636 1814 862 1902 αήδονοςῶδειν
880 1829 1036 1902 ευρτομεῐν.
1075 1819 1169 1881 Ζῶων.
1196 1817 1301 1877 Λύκων

154 1887 243 1960 ορυγὴ
261 1889 310 1943 καὶ
329 1883 452 1957 ὄρυγμος
466 1843 520 1948 ,nui
538 1883 687 1957 ὄρυεσθαι.
723 1895 846 1947 λεοντων
867 1892 1000 1973 βρύχημα
1023 1886 1206 1960 βρυχηθμός,
1230 1891 1300 1959 βρυ-

81 2004 84 2009 .
154 1961 272 2028 χεῖσθαι.
308 1957 404 2009 ίττττων
422 1960 596 2026 χρεμετίζειν
614 1955 857 2028 φρυμμιὶττεσθαι
875 1961 1084 2026 φρυαττεσθαι.
1120 1959 1197 2011 συῶν
1234 1960 1299 2025 ρυλ-

154 2021 251 2106 λισμὸς
269 2024 438 2105 γρυλλίζεινΞ
454 2019 671 2106 υἰσμόςῄὖίζειν.
707 2029 782 2097 βοῶν
787 2020 850 2109 μύκ
893 2027 1082 2106 αμυκιῖρθαὶ.
1112 2017 1195 2078 Ὀίωυ
1206 1976 1300 2105 ἕληχὴ

154 2094 328 2163 θληχασθαι.
365 2089 456 2160 σίγων
485 2096 637 2162 μηκασθαι
661 2111 818 2164 μηκασμος.
852 2043 935 2148 mov
957 2096 1100 2177 βρωμησις
1123 2094 1299 2174 βρτρμασθαι

154 2160 204 2215 καλ
227 2155 242 2213 ὀ
261 2160 381 2213 κᾶσθαι.
413 2157 508 2214 ίστὲον
531 2156 563 2213 δὲ
581 2152 625 2213 ὅτι
644 2154 693 2215 ἐπὶ
709 2163 766 2215 τῶν
782 2156 876 2217 ἄλλων
892 2162 949 2216 τῶν
966 2163 1075 2229 αγρίων
1093 2152 1143 2228 ἐφ’
1160 2178 1201 2212 ων
1220 2159 1300 2213 ίδιον

154 2221 206 2282 οὔκ
235 2177 311 2282 leue
336 2219 430 2306 ύνομα
455 2228 567 2297 φωνῆς,
596 2221 644 2281 ἐπὶ
667 2222 775 2298 ἄρκτου
802 2223 971 2296 παρδάλεως
997 2224 1142 2295 καυτηρος
1155 2225 1216 2308 ,καὶ
1241 2227 1301 2281 τῶν

154 2290 291 2349 τοιούτων
313 2311 345 2346 το
369 2295 535 2364 βρυχᾶσθαι
558 2291 699 2363 λέγουσιν.
736 2291 783 2352 ἐπὶ
806 2292 839 2350 δὲ
861 2297 918 2350 τῶν
944 2292 1121 2367 μικροτέρων
1142 2291 1301 2348 αλωτιὲκων

154 2359 241 2417 θῶων
264 2362 375 2430 λυγκῶν
395 2359 427 2416 τὰ
451 2358 587 2417 ὑλακτεῖν
613 2363 663 2417 καλ
685 2360 856 2432 γηρύεσθαι.
899 2366 948 2417 fol.
971 2366 1004 2418 97
1029 2381 1139 2416 avorsa:
1166 2355 1299 2428 Ὀρνέων.

155 2425 203 2484 tut
225 2427 339 2484 κύκνων
361 2421 454 2499 ᾄδειν.
492 2425 539 2484 ἐπὶ
561 2423 687 2498 ιῖηδόνος
709 2434 868 2500 τερετίζειν.
906 2426 954 2486 ἐπὶ
971 2425 1118 2500 χελιδόνος
1129 2430 1304 2550 φιθυρίῖειν

153 2496 204 2552 καλ
221 2498 400 2565 τιττυβίζειν.
437 2494 485 2553 ἐστὶ
501 2497 626 2566 τέττιγος
648 2491 739 2568 ἠχεῖν.
776 2493 823 2554 ἐπὶ
841 2501 941 2569 κίχλης
959 2493 1117 2581 καχλάζειν.
1155 2489 1204 2550 tut
1221 2494 1235 2550 ἶ
1250 2515 1301 2564 ρα-

153 2584 204 2626 κος
222 2567 337 2633 κρίζειν.
359 2560 405 2619 ἐπὶ
424 2566 543 2634 σφηκῶν
559 2564 610 2618 καλ
627 2568 766 2634 μελισσῶν
784 2568 911 2636 βομβεῖν.
938 2585 1029 2635 τιυρος
1042 2561 1075 2618 δὲ
1087 2558 1202 2685 βρόμοὶ.
1233 2557 1300 2643 οἰχέ-

153 2653 214 2701 μων
232 2629 384 2700 πάτταγος.
421 2630 517 2687 κάλων
535 2650 569 2685 συ
588 2651 616 2700 ιγ
639 2630 669 2695 ὁς
692 2625 712 2702 ἢ
734 2631 914 2704 φριγμαγχός
936 2633 986 2687 καλ
1005 2628 1137 2703 φριγμύς.
1191 2625 1225 2685 κ’
1248 2651 1300 2686 αν-

155 2699 280 2768 θρῶτιων
298 2697 330 2753 τὸ
352 2698 533 2780 κεκραγέναι.
571 2652 610 2753 iu
645 2703 740 2754 κυνῶν
762 2696 906 2755 ύλακτείν.
948 2696 996 2754 ἐπὶ
1025 2697 1118 2753 λύκων
1145 2691 1297 2765 ὄρύεσθαι.

154 2771 258 2835 κυρίως
277 2764 309 2820 δὲ
328 2761 345 2834 ἡ
364 2786 421 2820 των
443 2770 538 2821 κυνῶν
557 2763 638 2835 φωνὴ
658 2762 756 2838 ὀρυγή.
793 2764 841 2822 ἐπὶ
863 2767 1015 2890 προξοὶγων
1038 2767 1213 2838 βληχοὶσθαι.
1252 2761 1300 2821 ἔτι

155 2837 230 2904 βοῶν
256 2835 415 2902 μυκᾶσθαι.
459 2830 506 2888 ἐπὶ
535 2835 630 2887 ἵππων
658 2837 842 2905 χρεμετίζειν.
898 2857 918 2890 τι
954 2856 1028 2889 ονων
1051 2836 1224 2903 βρωμᾶσθαι
1248 2834 1298 2888 καὶ

154 2896 307 2970 ὀγκᾶσθαι.
333 2897 380 2955 ἐπὶ
396 2894 512 2972 ἄρκτων
524 2899 677 2969 καγκάζειν
694 2903 743 2956 καί
761 2900 947 2972 κλαγκλσὶζειν
963 2897 1001 2965 ῶς
1019 2899 1066 2956 ἐπὶ
1083 2896 1222 2969 γεράνων.
1251 2896 1299 2955 tut

154 2973 258 3058 χοίρων
282 2970 448 3035 γρυλλίζειν.
492 2965 539 3022 ἐπὶ
563 2966 692 3037 ὀρνίθων
714 2967 858 3038 κακσὶζειν.
900 2967 946 3024 lut
963 2965 1082 3039 οἱμαξῶν
1098 2971 1213 3033 τρίζειν.
1252 2965 1300 3023 ἐπὶ

154 3055 250 3104 σφεων
268 3039 400 3102 συρίζειν.
439 3041 475 3090 cs.
494 3041 659 3092 Aristoteles
677 3041 742 3091 hist.
762 3045 844 3092 anim.
864 3041 964 3092 11119.

242 3104 310 3159 162*
328 3107 457 3157 Giraldus
470 3108 646 3158 Cambrensis
659 3110 782 3159 itinerar.
796 3109 1009 3160 Cambriae1.7:
1036 3109 1120 3158 ‘Prae
1134 3108 1207 3157 omni
1222 3124 1299 3158 nam-

155 3192 206 3240 que
224 3177 314 3226 bostia
337 3175 397 3240 plus
420 3175 557 3225 hominem
576 3176 653 3226 canis
677 3183 704 3225 et
722 3177 816 3243 diligit
833 3183 861 3225 et
879 3178 1015 3227 dinoscit:
1051 3176 1097 3240 qui
1116 3181 1144 3225 et
1162 3176 1299 3224 interdum

154 3244 263 3293 sublato
277 3243 384 3292 domino
397 3245 491 3292 uiuere
504 3248 616 3293 recusat
629 3248 656 3292 et
669 3260 717 3308 pro
730 3245 838 3294 domino
852 3246 946 3294 mortis
964 3245 1057 3294 subire
1070 3243 1232 3292 discrimina
1244 3258 1298 3292 non

154 3312 297 3360 formidat:
311 3311 394 3376 igitur
407 3316 435 3360 et
447 3311 514 3359 mori
526 3327 574 3375 pro
587 3310 704 3360 dominis
717 3317 745 3360 et
757 3314 885 3362 commori
898 3311 1016 3361 dominis
1028 3316 1070 3360 est
1083 3316 1205 3375 paratus.
1226 3311 1299 3361 unde

155 3384 183 3427 et
200 3378 353 3443 exemplum
371 3394 453 3427 unum
472 3377 544 3442 qnod
561 3378 708 3428 Suetonius
726 3381 817 3444 tangit
839 3380 867 3428 in
891 3396 923 3429 eo
942 3379 1025 3441 libro,
1052 3380 1096 3442 qui
1121 3379 1154 3427 de
1174 3379 1299 3428 animan-

153 3448 222 3495 tium
240 3447 346 3495 naturis
365 3445 538 3506 inscribitur,
562 3451 591 3494 et
608 3447 768 3497 Ambrosius
786 3462 892 3512 quoque
912 3449 940 3495 in
959 3463 1105 3496 exameron
1124 3451 1234 3506 narrat,
1254 3447 1299 3495 irie

154 3514 317 3564 interserere
335 3529 390 3563 non
407 3513 572 3578 superfluum
589 3515 726 3578 reputani.
762 3515 866 3564 Ferunt
883 3513 1062 3564 Antioelriae’
1083 3530 1107 3563 e.
1127 3530 1153 3577 q.
1173 3529 1194 3561 s.
1232 3514 1299 3564 irau-

154 3583 190 3631 ait
207 3582 392 3631 narrationem
415 3582 503 3646 ipsam
527 3597 560 3630 ex
582 3581 726 3631 Ambrosio
749 3582 784 3631 H.
808 3583 847 3631 vl
870 3582 917 3644 24,
940 3584 1018 3632 errius
1041 3582 1126 3631 verba
1149 3595 1234 3645 supra
1257 3597 1299 3630 re-

153 3650 330 3714 praesentavi
353 3666 404 3698 nee
428 3648 578 3699 orationem
602 3651 657 3698 nisi
681 3650 778 3713 paneis
796 3648 866 3698 loeis
885 3650 1045 3698 inmutavit:
1081 3650 1185 3696 Ferunt
1203 3649 1299 3698 Antio·

154 3716 234 3766 chiae
251 3715 255 3782 Ι
275 3719 421 3766 remotiore
439 3716 515 3765 urbis
533 3721 610 3780 parte
631 3717 634 3778 Ι
655 3717 767 3766 humani
786 3717 895 3781 generis
916 3717 920 3780 1
940 3716 1020 3766 fidem
1040 3721 1177 3766 assereret
1197 3715 1201 3779 Ι
1223 3732 1299 3765 eoro-

243 3883 251 3932 1
272 3872 373 3929 titiere
389 3873 511 3941 scripsi:
534 3870 653 3928 titeiare
673 3874 698 3927 Α
718 3870 832 3929 tittiero
852 3874 873 3928 G
894 3872 1000 3929 tiziare
1022 3872 1054 3926 H
1068 3870 1150 3927 titiat
1169 3871 1211 3938 (ιίι
1234 3889 1297 3927 eor·

154 3961 268 4027 rupteie
283 3958 363 4027 lutet)
379 3998 385 4012 .
401 3999 407 4009 .
423 3954 500 4029 pipit
516 3955 543 4009 P
556 3955 687 4012 eineiare
709 3954 842 4013 Vtitiant
857 3955 906 4012 uel
922 3957 1074 4032 tinnipant
1088 3956 1116 4010 E
1126 3954 1229 4011 titiant
1245 3957 1300 4011 131)

152 4042 258 4098 tinient
271 4042 305 4095 M
315 4039 397 4096 titiat
412 4039 438 4093 R
455 4035 468 4116 Η
482 4036 619 4095 bombira
631 4039 682 4097 uel
700 4039 867 4098 bombilare
888 4044 911 4096 V
912 4046 934 4096 A
947 4039 1050 4098 bobire
1063 4037 1113 4095 uel
1128 4036 1300 4096 bombiiare

154 4130 176 4182 G
194 4124 298 4180 bouire
315 4122 365 4179 uel
383 4121 549 4179 bombilare
570 4125 601 4178 H
615 4122 699 4181 bobit.
718 4129 746 4180 F
765 4124 871 4182 bubbit
890 4127 920 4181 Ii'
938 4124 1084 4182 bombilut
1100 4126 1126 4178 P
1142 4122 1302 4182 ambizant

153 4209 202 4266 uel
219 4206 428 4264 immbizantB
443 4205 596 4265 ambirent
612 4208 663 4268 uel
679 4208 854 4267 banrbizant
866 4213 921 4266 DE
933 4208 1126 4267 bumbiscunt
1140 4209 1174 4263 Μ
1186 4203 1200 4284 Η
1216 4209 1299 4268 afri-

152 4294 262 4349 tirmire
282 4294 339 4348 GH
352 4290 481 4348 fritinnit
496 4293 523 4346 P
536 4292 706 4352 frintinnire
726 4296 896 4353 Vfrinitare
908 4299 932 4352 A
945 4294 1124 4356 fretinniunt
1140 4296 1225 4350 Bou
1240 4295 1301 4353 fre·

151 4377 290 4435 tenniunt
304 4376 338 4432 M
