2964 5002
572 392 614 432 us
637 392 777 433 usrvurs
801 393 909 434 nrtsvu
1255 381 1317 442 213

255 536 346 601 Luna
380 560 450 603 non
487 537 598 602 deficit
631 538 689 601 scd
723 537 936 602 obumbratur
969 563 1030 603 nec
1061 529 1429 605 deminutionemlili*

186 640 270 703 sentit
285 647 431 725 corporis
456 639 513 705 sed
537 639 667 704 obiectu
690 640 914 704 obumbrantis
936 649 1043 705 terrac
1064 664 1175 706 casum
1196 645 1318 729 petitur

184 740 309 805 luminis.
362 742 491 827 petitur
517 749 625 805 sutem
658 741 902 826 quintadecima
929 763 1033 829 usque
1060 744 1214 830 quamdiu
1244 767 1318 809 cen-

181 852 255 905 trum
276 842 384 929 adque
411 842 562 906 umbram
584 842 747 907 obstantis
768 852 875 907 terrae
898 854 995 908 exeat
1017 845 1192 932 uideutque
1216 845 1317 911 solem

163 942 225 1007 mel
239 964 259 1006 a
273 942 341 1008 sele
355 942 519 1008 uidentur.
552 952 681 1007 constat
702 966 780 1028 ergo
799 944 908 1008 lunam
929 968 970 1010 ex
988 945 1065 1010 solis
1084 946 1187 1011 radiis
1207 945 1317 1011 lumen

177 1046 316 1131 occipere
331 1054 365 1109 et
378 1044 456 1109 dum
475 1044 605 1110 obiectu
615 1051 722 1109 terrae
737 1044 838 1109 solem
854 1069 919 1111 non
935 1048 1100 1133 aspexerit
1114 1057 1192 1112 tunc
1208 1046 1317 1111 lumen

176 1148 329 1211 amittere.
366 1166 444 1209 nam
465 1144 580 1210 dicunt
600 1147 694 1212 stoici
715 1168 842 1211 omnem
864 1155 987 1212 terram
1009 1148 1175 1213 montibus
1197 1147 1315 1232 claudi,

175 1334 267 1401 unp.
307 1324 486 1418 Ἀοίοταῃος
503 1329 553 1385 τὸν
569 1328 653 1401 ἥλιον
676 1332 768 1401 ἵστησι
786 1329 858 1401 μετὰ
876 1334 933 1387 ταῖν
951 1326 1104 1399 deleveris,
1127 1328 1181 1387 τ“ν
1205 1330 1237 1387 di
1261 1335 1316 1405 γῆν

172 1405 247 1455 κινεῖ
260 1398 327 1466 περὶ
344 1394 396 1452 τὸν
418 1396 540 1468 pletrude
561 1394 683 1467 κύκλον,
707 1399 756 1454 καὶ
779 1397 852 1454 κατὰ
875 1397 927 1462 τὰς
953 1397 1058 1470 ταύτης
1076 1353 1214 1469 lysidem
1236 1398 1315 1455 οκιοὶ-

173 1470 269 1534 ζεσθαι
295 1462 348 1521 τὸν
376 1467 486 1521 δίσκον.
527 1463 713 1536 Ξενοφάνης,
743 1466 866 1529 πολλοὺς
894 1464 970 1522 εἶναι
1001 1462 1100 1536 ἡλίους
1122 1468 1172 1521 καὶ
1195 1465 1315 1538 σελήνας

172 1531 241 1590 sutri
259 1535 385 1603 κλίματα
402 1536 455 1604 τῆς
471 1535 532 1603 γῆς,
551 1534 600 1588 καὶ
618 1529 767 1603 α’ποοομᾶς
789 1535 838 1589 καὶ
856 1532 955 1600 ζώνας·
979 1531 1053 1589 serui
1068 1554 1134 1589 τινα
1157 1532 1189 1590 di
1212 1534 1316 1604 καιρὸν

237 1620 322 1657 πτειν
338 1598 391 1656 τὸν
409 1603 570 1664 διακονεῖς
592 1622 657 1657 τινα
680 1596 830 1673 α’ποτομήν
849 1605 900 1672 τῆς
918 1605 970 1672 γῆς
992 1596 1045 1657 οὐκ
1068 1601 1205 1673 οἰκουμὲν
1225 1623 1242 1657 ν
1264 1599 1316 1689 rip'

172 1674 257 1741 pusio.
277 1660 430 1731 reinduere
446 1660 540 1737 ὥσπερ
558 1672 789 1739 κενεμβατοῦντα
808 1668 937 1735 ἔκλειψιν
954 1664 1117 1738 ὑπομένειν.
1154 1666 1170 1724 ὁ
1227 1665 1315 1734 αὐτος

172 1725 325 1823 r'dvjitov
346 1735 389 1799 εἰς
411 1732 534 1804 ἄπειρον
554 1738 608 1805 μὲν
630 1736 778 1805 προϊέναι,
808 1740 907 1792 δοκεῖν
935 1736 969 1792 di
994 1741 1165 1793 κυκλεῖσθαι
1189 1736 1238 1793 διὰ
1262 1736 1315 1809 τὴν

172 1822 337 1863 emamus.

254 1872 329 1932 lbi*
351 1876 476 1927 Isidorus
494 1875 528 1925 de
546 1882 647 1927 neturs
669 1892 758 1926 reruni
781 1878 858 1927 XXI:
891 1878 947 1927 ‘Do
971 1877 1069 1942 eclipsi
1091 1877 1183 1929 lunse.
1220 1879 1315 1929 Luna

172 1962 233 1998 neu
253 1945 385 1997 delicit
465 1942 613 1995 luminis.
654 1945 727 1994 hunc
755 1946 829 1994 eninr
850 1944 1007 2010 philosophi
1028 1961 1083 1995 non
1101 1946 1204 1997 habore
1223 1946 1315 1997 lumen

172 2014 321 2081 preprium,
345 2012 396 2063 sed
421 2010 537 2063 eandem
561 2027 579 2061 a
600 2012 658 2062 sele
682 2012 844 2063 inluminari
867 2012 1032 2075 defendunt,
1062 2018 1090 2062 ct
1117 2015 1183 2078 quia
1211 2029 1245 2063 eo
1267 2015 1313 2064 de-

172 2082 310 2133 mensione
328 2080 396 2129 luna
414 2079 504 2129 distat
521 2095 538 2129 a
555 2079 627 2142 sole,
652 2084 682 2129 ut
705 2096 755 2144 per
772 2080 893 2130 mediam
916 2086 1017 2130 terram
1041 2080 1065 2129 si
1089 2082 1154 2144 quid
1178 2082 1314 2132 directum

172 2150 316 2201 nudam
333 2146 499 2212 contingere
516 2148 605 2212 possit
622 2148 708 2198 solem
728 2148 778 2197 sub
796 2152 912 2210 terrani,
937 2148 1031 2198 lunam
1049 2153 1142 2211 erstem
1160 2165 1242 2214 super
1259 2154 1313 2200 ter·

171 2230 235 2279 rasi,
254 2222 283 2268 et
300 2216 369 2283 qnia
385 2229 473 2279 nsque
491 2215 527 2264 ad
544 2214 669 2265 lunarem
687 2215 821 2266 circulum
838 2219 929 2265 terrne
945 2216 1042 2265 umbra
1055 2216 1225 2277 extenditur,
1251 2217 1313 2268 ideo

171 2284 246 2337 uenit
261 2297 478 2349 nonnumquam,
495 2288 527 2331 ut
543 2282 611 2332 solis
628 2283 700 2333 radii
718 2282 858 2333 obiciente
886 2297 916 2332 sc
938 2283 1010 2334 mole
1033 2288 1125 2334 terrae
1148 2285 1194 2334 uel
1217 2284 1314 2335 umbre

172 2352 205 2403 ul
231 2366 294 2403 earn
324 2365 380 2401 nen
407 2350 582 2416 perueniant.
626 2350 767 2400 Patitur
795 2355 907 2399 antem
991 2350 1117 2400 umbra.
1161 2351 1313 2415 figuraliter

172 2424 261 2471 sutem
277 2434 329 2485 per
347 2418 431 2468 lunae
450 2416 590 2469 detectum
609 2419 748 2469 ecclesius
766 2419 976 2483 persecutiones
991 2418 1190 2482 intelleguntur
1203 2420 1312 2482 quando

172 2494 319 2551 sumptum
340 2484 476 2535 caedibus
499 2491 527 2535 et
549 2485 683 2536 effusione.
702 2486 848 2550 sanguinis
867 2490 1006 2550 tamquam
1025 2484 1073 2534 illo
1091 2484 1204 2535 defectu
1219 2492 1247 2533 ct
1265 2486 1312 2534 ob-

171 2556 327 2605 scuratione
339 2553 420 2617 quasi
433 2558 576 2603 eruentem
594 2553 696 2604 faciem
714 2552 781 2603 lune
798 2553 927 2603 uideatur
943 2553 1099 2613 ostendere,
1118 2558 1148 2600 ut
1167 2568 1183 2600 n
1202 2554 1312 2602 nornine

172 2620 328 2673 Christiano
346 2625 505 2671 terrcantur
522 2620 621 2677 infirmi
640 2620 688 2677 (ec
699 2622 837 2684 ,eripuerint
852 2638 940 2670 enum.
959 2628 984 2670 r'n
999 2638 1041 2684 ps.
1056 2621 1081 2668 Χ
1100 2621 1136 2682 t).
1173 2619 1221 2669 sed
1240 2620 1313 2670 sicut

171 2691 223 2741 ista
240 2696 303 2756 pest
321 2688 464 2739 delectum
481 2689 629 2753 perspicua
647 2688 841 2739 inlustratione
865 2688 1008 2750 clarescit,
1035 2687 1104 2737 adeo
1128 2692 1158 2736 ut
1176 2686 1246 2736 nihil
1265 2687 1311 2736 dc-

171 2757 291 2807 trimenti
309 2758 431 2807 sensisse
449 2755 586 2818 uidentur,
605 2757 646 2805 itu
664 2762 693 2805 et
711 2756 833 2806 ecclesis
850 2762 994 2821 postquem
1013 2772 1062 2820 per
1080 2762 1227 2818 martyrum
1247 2771 1312 2804 con-

172 2824 321 2875 tessionem
344 2838 422 2873 strum
445 2838 495 2888 pro
513 2822 623 2873 Christo
647 2826 810 2889 sanguinem
834 2824 950 2883 fuderit,
974 2825 1078 2874 meiere
1098 2822 1163 2873 fidei
1182 2823 1311 2873 claritate

170 2892 290 2959 refulget
313 2891 402 2955 adque
422 2891 569 2955 insigniori
591 2891 694 2941 lumine.
718 2892 850 2941 decorate
873 2897 961 2942 semet
985 2892 1074 2956 ipsam
1097 2891 1182 2941 latius
1206 2891 1311 2940 intuto

170 2960 233 3011 orbe
251 2956 401 3010 diffundit’
431 2958 558 3023 Hyginus
576 2959 606 3008 P.
619 2960 651 3008 A.
666 2960 721 3009 lllI
736 2958 780 3008 ll:
801 2960 907 3009 ‘Lunae
920 2965 1012 3009 aertenr
1026 2959 1140 3023 eclipsis
1152 2960 1194 3009 sic
1208 2960 1312 3019 euenit,

170 3042 229 3077 cum
247 3043 333 3094 propa
351 3026 524 3076 dimensione
543 3027 579 3076 sit
597 3026 677 3087 luna,
697 3041 758 3076 eum
777 3028 880 3076 abierit
897 3027 937 3077 sol
956 3026 1006 3075 srrb
1026 3031 1142 3087 terram,
1169 3027 1313 3076 dunrtuxnt

170 3094 221 3145 boe
238 3094 327 3153 medo,
346 3098 378 3143 ut
395 3110 446 3159 per
462 3094 580 3145 mediam
593 3098 693 3143 terram
706 3095 731 3143 si
750 3095 813 3159 quid
832 3095 967 3144 directum
986 3095 1133 3144 traieceris
1148 3095 1311 3159 continge-re

169 3163 257 3229 pessit
278 3161 366 3213 solem
388 3162 440 3213 sub
462 3167 577 3224 terram,
607 3161 700 3211 lunum
724 3169 817 3211 nrrteru
840 3178 922 3227 supro
945 3168 1060 3223 terran1;
1089 3162 1161 3227 (prod
1185 3177 1246 3212 cum
1271 3165 1312 3212 ito

170 3230 277 3290 euenit,
302 3244 418 3279 neccsse
438 3235 481 3278 est
498 3229 564 3279 selis
583 3229 675 3280 redies
698 3235 809 3295 propter
832 3229 1051 3297 magnitudinem
1074 3235 1167 3279 terrac
1190 3231 1231 3280 ita
1249 3246 1310 3280 esse

169 3296 310 3360 dimissos,
333 3302 364 3346 ut
386 3296 478 3346 lumen
501 3296 561 3346 eius
584 3312 637 3361 quo
654 3297 721 3347 luna
743 3297 819 3347 lucet
836 3314 891 3349 non
908 3298 996 3363 possit
1020 3297 1054 3347 ad
1074 3313 1135 3347 cem
1153 3299 1309 3362 peruenire,

169 3372 198 3415 et
219 3366 263 3415 ita
284 3364 463 3415 existimatur
484 3362 544 3413 fieri
567 3364 680 3429 eclipsis
698 3363 800 3415 lunac.’
836 3367 946 3431 Fragm.
966 3366 1118 3416 Censorino
1142 3365 1310 3431 adscriptum

168 3432 258 3483 1115:
276 3432 367 3482 ‘Luna
385 3430 497 3497 globum
515 3447 593 3481 suum
611 3432 733 3482 creditur
751 3432 864 3495 habere,
883 3434 931 3483 sed
950 3435 1043 3498 ignem
1061 3449 1078 3483 n
1091 3432 1149 3482 sole
1163 3435 1310 3498 concipere

168 3506 198 3551 et
214 3505 347 3565 quantum
364 3500 520 3565 percutitur
537 3498 690 3550 ardescere.
728 3508 859 3565 qunntum
879 3501 964 3565 igitur
982 3517 999 3551 n
1017 3501 1075 3550 sole
1088 3501 1209 3550 discedit
1226 3516 1309 3563 euge·

167 3572 226 3627 tun
246 3583 307 3617 cum
325 3582 392 3617 nero
410 3572 508 3616 contra
525 3568 613 3621 stetit.
631 3573 690 3617 toto
710 3568 808 3617 feritur
827 3569 942 3617 uriuerso
962 3573 989 3617 et
1001 3568 1079 3618 uelut
1096 3567 1237 3633 speculum
1257 3584 1310 3617 non

167 3636 223 3685 uitn
247 3635 295 3685 sed
317 3634 469 3699 imaginem
491 3633 606 3684 reddit)
643 3635 800 3685 Scholiasta
824 3635 982 3685 Germanici
1006 3652 1032 3699 p.
1061 3634 1120 3684 ltu:
1151 3636 1222 3685 ‘dlii
1245 3652 1309 3685 cou-

167 3708 212 3753 tra
230 3703 309 3753 siunt
331 3702 426 3752 lunum
448 3702 558 3767 globum
576 3718 654 3752 aurun
673 3703 792 3761 habere,
816 3703 864 3751 sed
884 3703 974 3763 iguem
994 3719 1011 3752 u
1029 3704 1086 3751 sole
1106 3705 1262 3768 concipere,
1283 3710 1311 3753 et

167 3776 299 3835 quantum
316 3768 472 3835 percutitur
490 3770 644 3829 ardescere,
665 3777 693 3820 et
711 3778 842 3835 (pruritum
861 3786 878 3817 n
896 3770 954 3818 sole
973 3769 1092 3819 discedit
1111 3773 1217 3833 augeri.
1249 3787 1310 3821 curn

167 3852 235 3888 uere
253 3844 350 3889 eontra
368 3838 489 3899 steterit,
508 3838 606 3887 feritur
625 3855 658 3888 ex
677 3839 793 3888 aduerso
813 3844 840 3886 ct
858 3837 936 3886 uelut
953 3837 1095 3901 speculum
1113 3854 1168 3889 non
1187 3840 1242 3888 uim
1261 3839 1310 3888 scd

168 3906 317 3973 imaginem
335 3904 440 3966 reddit,
465 3905 552 3954 unde
572 3912 606 3955 ct
624 3906 798 3955 deiectum
816 3905 963 3971 petitur,
988 3906 1018 3953 si
1042 3906 1257 3972 interipsum
1277 3912 1310 3957 et

169 4008 371 4019 n——am-

254 4060 394 4123 ldcfccit
406 4056 444 4116 Β1
460 4053 475 4132 Η
491 4058 808 4119 deminucionenemd
823 4053 836 4137 Η
851 4057 995 4118 ‘lobiecte
1006 4055 1045 4115 Β1
1071 4054 1076 4138 Ι
1092 4058 1309 4118 obumbrantes

169 4148 193 4203 A
208 4144 377 4203 obumbrati
399 4138 451 4225 ΒΗ
467 4145 554 4204 terris
573 4142 612 4202 Β)
628 4140 641 4225 Η
657 4164 731 4202 cusu
746 4140 781 4199 ΒΙ
799 4138 812 4223 Η
828 4153 845 4204 3
861 4144 992 4219 patietur
1008 4146 1034 4200 B
1054 4139 1058 4223 Ι
1092 4154 1192 4203 erstem
1208 4143 1265 4200 hoc
1284 4145 1309 4198 B

172 4227 176 4309 Η
202 4250 359 4310 qussqune
376 4226 413 4287 Βι
426 4229 484 4288 hoe
495 4249 593 4309 usque
605 4226 646 4287 Β)
661 4223 675 4311 Η
690 4238 707 4289 i
724 4225 830 4285 urnbrn
851 4230 874 4283 B
889 4221 902 4307 Η
919 4238 1008 4286 exeat
1023 4246 1075 4285 eru.
1092 4232 1117 4286 A
1131 4223 1145 4308 Η
1160 4241 1176 4289 5
1193 4246 1265 4303 ergo
1283 4229 1310 4282 Β

170 4322 267 4374 nutem
287 4320 313 4373 A
328 4309 342 4397 Η
357 4315 432 4373 luna
454 4318 507 4372 ΑΒ
520 4312 533 4393 ,','
551 4315 607 4372 olis
628 4311 663 4370 ΒΙ
687 4309 692 4393 Η
721 4311 798 4370 radii
820 4315 843 4369 Α
859 4307 903 4391 ΗΒ
923 4310 1044 4370 obiectu
1064 4316 1091 4369 Β
1107 4313 1205 4370 niceto
1225 4305 1307 4393 ΑΗ7

170 4400 292 4460 estoichi
308 4396 348 4459 B*
367 4401 457 4459 stoici
476 4398 514 4457 13²
530 4400 639 4458 stulriei
658 4404 681 4457 ,t
704 4394 825 4480 {claudi
844 4396 948 4456 dicunt
965 4399 989 4453 Α
