2964 5002
666 319 772 357 (aava
796 319 818 356 11
1247 297 1307 355 457

167 467 249 527 libris
272 466 311 527 da
334 469 449 527 naturis
468 488 568 527 rarum
589 463 753 547 copulatus
773 467 877 539 fuerit}
901 465 982 546 quod
996 487 1076 525 nunc
1098 466 1220 546 quidem
1238 487 1308 524 con-

168 571 281 628 iectura
303 568 432 649 adsequi
446 591 505 629 non
522 571 603 629 licat.

250 671 353 729 Etiam
368 671 458 730 huius
472 671 541 731 libri
555 670 723 751 particulae
739 671 778 728 ad
796 669 945 728 Isidorum
961 670 1138 748 pervenisse
1157 669 1308 742 videniur,

167 773 216 850 qui
232 773 329 849 origg.
346 773 394 831 XI
415 783 441 844 1,
460 774 508 830 cui
523 774 616 850 capiti
630 777 664 831 de
679 776 791 831 homine
806 781 834 830 et
848 775 981 845 partibus
992 776 1054 829 eius
1064 772 1234 850 inscripsit,
1249 790 1308 829 uno

166 872 230 930 loco
246 872 267 931 1.
281 893 305 930 c.
323 883 357 935 95
375 872 412 932 de
426 894 512 932 saera
524 876 611 953 spina
626 874 777 933 disserens
789 875 855 951 ipsa
871 872 996 932 Suetoni
1008 871 1104 930 verba
1120 874 1208 952 sequi
1224 872 1308 931 vide-

166 983 220 1033 tur.
251 973 308 1033 aad
333 975 406 1034 alibi
434 973 622 1034 Suetoniana
643 977 685 1034 ita
702 978 797 1034 refert
813 983 845 1032 ut
865 975 1060 1032 manifestum
1074 976 1113 1033 sit
1135 994 1171 1033 ea
1192 995 1253 1032 non
1269 994 1308 1033 ex

166 1078 229 1154 ipso
251 1075 330 1134 libro
356 1083 482 1155 recepta
507 1097 574 1136 asse
599 1075 654 1135 aad
675 1076 766 1135 Servi
789 1076 937 1135 beneficio
962 1074 1074 1134 deberi.
1117 1077 1155 1134 ef.
1183 1076 1204 1134 l.
1226 1096 1252 1136 e.
1276 1086 1310 1138 14

167 1196 233 1235 cum
256 1177 365 1253 fragm.
390 1183 438 1240 171
462 1177 601 1256 (Servius
623 1178 678 1237 ecl.
701 1176 818 1255 1118),
840 1186 874 1240 64
897 1197 965 1235 cum
981 1178 1086 1254 fragm.
1104 1183 1153 1238 172
1169 1177 1309 1255 (Servius

165 1298 268 1355 georg.
289 1277 433 1356 111355).
464 1279 588 1339 arvinae
606 1299 679 1338 vero
702 1278 907 1337 definitionem
927 1279 981 1355 (cf.
998 1279 1106 1356 fragm.
1131 1279 1191 1356 170)
1212 1278 1308 1336 isido-

166 1399 214 1438 rus
230 1380 251 1438 l.
269 1400 296 1438 c.
312 1390 343 1442 81
361 1381 447 1455 Festi
464 1381 518 1459 (cf.
530 1380 646 1440 Paulus
662 1402 692 1460 p.
707 1379 755 1457 20)
771 1378 873 1439 verbis
887 1379 1004 1438 referre
1020 1377 1141 1452 maluit,
1159 1379 1309 1460 siquidem

167 1479 357 1540 Suetoniana
372 1483 400 1539 ai
414 1490 537 1560 praesto
553 1482 684 1540 suerunt.

248 1583 299 1641 Da
320 1602 356 1640 eo
373 1582 489 1656 studia,
509 1604 568 1663 quo
584 1583 672 1662 plura
686 1591 838 1663 pratorum
859 1582 959 1662 capita
979 1582 1118 1642 versibus
1137 1584 1310 1662 conscripta

167 1684 240 1756 sint,
262 1702 302 1742 na
319 1682 368 1743 bis
384 1683 465 1743 idam
481 1684 580 1743 dicam
595 1686 675 1744 infra
689 1705 791 1762 agam,
813 1685 864 1744 ubi
880 1684 918 1744 de
934 1686 1113 1744 auctoritate
1137 1683 1263 1769 Suatoni
1277 1686 1309 1744 in

168 1786 341 1845 universum
360 1783 531 1864 disputabo.
