2964 5002
532 375 706 417 vanuonvu
729 376 968 419 DlFFEREN'rlAB
1258 365 1318 431 291

263 535 389 585 sesni-'s
412 531 445 586 et
467 527 627 603 moruus]
649 521 756 586 scelus
779 526 901 587 crimen
925 533 995 604 estp
1018 524 1145 589 facinus
1169 530 1265 591 ctiam
1286 531 1318 592 iu

185 621 274 685 lsudc
291 625 431 708 ponitur.

262 739 378 788 socru
400 740 535 789 vmcvu
559 741 774 788 sommmvu
796 734 829 789 et
848 732 957 808 mvn]
981 725 1068 790 solus
1094 750 1114 791 a
1136 732 1253 793 ceteris
1271 755 1317 795 re-

186 828 283 907 lictus,
304 848 389 889 unus
411 827 539 889 initium
559 828 742 906 multorum,
765 826 928 891 solitarius
950 830 1020 891 sine
1043 832 1177 911 ceteris,
1200 833 1317 895 unicus

168 928 235 1014 sqni
253 935 383 1014 propter
405 928 551 1012 inopiam
571 925 708 991 aliorum
732 929 765 992 id
787 931 892 1013 ipsum
914 929 1069 1015 estquod
1093 930 1190 993 solus.

262 1043 509 1092 souoscrsuvu
536 1036 568 1091 ct
590 1036 854 1110 uanuaarsuvu]
877 1028 1087 1094 soloecismus
1107 1033 1253 1097 insensu
1272 1033 1317 1116 fit,

187 1129 399 1195 barbarismus
417 1130 452 1192 in
475 1150 565 1193 uoce.

261 1247 369 1295 svesa
398 1239 432 1294 et
458 1235 581 1311 sarua]
604 1251 703 1314 super·
734 1231 880 1316 superior
907 1231 1077 1313 inferiore,
1108 1255 1207 1320 supra
1229 1235 1316 1322 quod

189 1329 374 1395 substratum
395 1329 519 1416 aliquid
544 1331 642 1395 babet
662 1338 720 1393 aut
742 1331 829 1416 quod
851 1354 950 1417 supra
970 1333 1048 1418 quid
1068 1334 1224 1398 imminet.

165 1457 184 1495 u
260 1449 364 1496 sum
379 1441 413 1495 et
425 1438 557 1513 slulrv]
568 1430 662 1495 simul
682 1453 747 1494 una
762 1433 949 1518 pariterque
965 1456 1016 1495 res
1034 1433 1135 1517 (lieri)
1158 1435 1315 1517 declarat,

189 1542 217 1596 ut
235 1532 327 1599 simul
350 1533 491 1617 legimus
512 1532 564 1596 uel
585 1531 776 1613 ser-ibimus3
800 1535 910 1596 simitu
934 1533 996 1597 loei
1019 1537 1136 1620 recipit
1151 1536 1314 1620 signifiea-

190 1634 303 1716 tionem,
322 1642 489 1721 tamquam
511 1632 608 1697 simul
631 1636 688 1697 itu.

260 1751 398 1799 sasvvu
422 1743 456 1798 et
476 1740 680 1815 cuvernam]
705 1756 824 1798 saeuus
846 1737 934 1799 cirea
955 1732 1058 1801 uerba
1077 1747 1142 1817 est,
1171 1721 1314 1804 crudelis

189 1844 374 1900 rmnstratur
391 1838 565 1921 sanguine.
1225 1843 1228 1847 ’

257 2091 354 2142 Scelus
373 2099 401 2141 et
415 2089 535 2156 facinus]
552 2092 575 2142 G
594 2109 619 2157 p.
638 2092 672 2140 9⁶2
685 2108 710 2141 n.
725 2092 771 2143 32:
793 2092 898 2142 ‘Scelus
918 2095 1021 2143 crimen
1035 2100 1085 2155 est,
1105 2095 1216 2147 lacinus
1230 2098 1313 2149 ctiam

187 2158 209 2207 in
227 2158 304 2210 leude
322 2164 401 2209 recte
423 2161 538 2217 (licitum
562 2160 707 2210 Sallustius
726 2160 795 2209 dicit
813 2162 910 2209 bouum
931 2161 1058 2212 lucinus.¹
1095 2165 1160 2228 Hp.
1177 2164 1218 2213 ll:
1240 2168 1313 2216 ‘Sce-

187 2224 221 2276 lus
237 2228 360 2278 criminis
379 2233 429 2289 cst,
450 2227 560 2276 facinus
579 2228 662 2277 etiam
683 2229 710 2276 in
729 2226 811 2276 larude
830 2228 960 2293 ponitur.’

256 2294 350 2344 uorum
378 2295 488 2343 unicum
511 2295 664 2345 solitarium
688 2300 718 2343 et
740 2294 832 2360 unum]
851 2295 875 2343 G
893 2312 918 2360 p.
937 2295 970 2342 ar
989 2312 1015 2344 u.
1034 2295 1080 2344 3⁸:
1116 2297 1208 2347 ‘Solus
1233 2301 1277 2364 qui
1297 2317 1313 2351 a

183 2363 274 2411 ceteris
290 2362 421 2424 relictus,
439 2377 508 2410 unus
526 2363 633 2411 initium
652 2363 806 2418 multorum,
826 2365 887 2428 agit
903 2362 1044 2411 solitarius
1063 2365 1109 2426 qui
1128 2380 1236 2429 semper
1253 2369 1313 2417 sine

183 2429 272 2479 ceteris
288 2430 368 2487 uiuit,
388 2431 487 2479 unicus
505 2429 622 2479 babetur
639 2430 714 2480 solus
732 2436 844 2495 propter
862 2430 983 2493 inopiam
1003 2429 1139 2479 aliorum)
1175 2432 1200 2479 H
1220 2450 1245 2496 p.
1269 2434 1311 2483 Ιῖι

183 2496 257 2546 ‘me
280 2497 362 2546 initio
380 2497 526 2546 multorum
544 2499 617 2561 agit,
642 2498 783 2546 solitarius
805 2498 879 2546 solus
897 2512 1006 2561 semper
1023 2497 1106 2553 iuuit.
1131 2500 1192 2546 sinc
1210 2503 1313 2549 ceteris

180 2564 266 2613 unicus
283 2564 419 2624 habetur,
442 2564 515 2615 solus
533 2573 645 2630 propter
668 2566 778 2629 impiam
804 2565 919 2614 aliorum
943 2564 1143 2613 ‹lesolatioucrn
1160 2566 1206 2628 qui
1225 2582 1314 2615 rema·
1398 2606 1402 2614 .

180 2630 238 2680 ret!
273 2630 369 2682 1584:
390 2632 481 2680 ‘Vnus
499 2647 531 2681 es
551 2632 658 2689 multis,
677 2634 774 2682 unicus
793 2633 867 2682 solus
885 2638 935 2682 cst.
972 2633 1046 2681 solus
1066 2634 1158 2697 itaque
1177 2648 1246 2682 rinus
1263 2650 1312 2683 nu-

180 2704 304 2757 nmtur,
322 2700 423 2748 unicus
441 2700 515 2748 intra
532 2715 672 2748 numerum
692 2699 802 2749 linitur!
822 2700 916 2749 1585:
936 2701 1020 2749 ‘Vnus
1040 2701 1075 2749 ad
1092 2716 1232 2749 uumenrm
1251 2717 1311 2766 per-

179 2767 256 2827 tinet,
279 2765 355 2816 solus
375 2782 390 2815 e
409 2766 508 2815 multus
527 2767 699 2832 intelligitur.

254 2833 453 2883 Soloecismnm
466 2840 495 2883 et
506 2831 715 2898 barbarismum]
730 2836 752 2883 (l
772 2851 798 2899 p.
812 2834 845 2884 99
864 2852 890 2885 n.
910 2835 944 2886 40
960 2856 996 2879 =
1014 2837 1039 2884 H
1053 2852 1077 2902 p.
1100 2835 1144 2885 la:
1165 2835 1311 2886 ‘Sestoecis-

178 2916 229 2951 urus
246 2903 275 2951 in
293 2910 378 2951 sensu
396 2902 440 2963 nt,
460 2899 647 2951 barbarismus
665 2904 692 2950 iu
711 2902 801 2952 uoce!

252 2969 345 3034 Super
361 2973 391 3017 ct
407 2967 501 3034 supra]
512 2970 536 3017 (l
554 2987 580 3035 p.
593 2968 627 3019 93
639 2985 664 3019 n.
679 2971 724 3018 bl:
745 2971 847 3035 ‘Super
859 2977 902 3020 cat
920 2971 990 3036 quod
1010 2973 1119 3027 eminet.
1139 2988 1222 3038 supra
1241 2972 1312 3037 quod

176 3035 274 3101 aliquid
291 3037 461 3087 substratum
478 3036 582 3087 habet'
605 3038 630 3087 11
644 3054 669 3102 p.
685 3036 727 3086 17:
747 3038 845 3103 ‘Super
863 3045 904 3088 cst
922 3055 1005 3103 supra
1023 3040 1148 3104 superior
1165 3039 1312 3089 infcriori)

176 3102 265 3155 15⁰9:
287 3105 392 3169 ‘Super
409 3110 452 3153 est
469 3103 541 3168 quod
559 3105 696 3161 imminet,
720 3120 802 3170 supra
821 3105 892 3169 quod
909 3107 1077 3155 substratum
1096 3106 1200 3172 aliquid
1217 3108 1312 3157 babet.

175 3171 236 3221 item
247 3188 332 3238 snper
344 3172 480 3221 interdum
492 3173 664 3221 pernimium
679 3178 726 3221 aut
738 3175 808 3221 satis
819 3171 990 3237 accipimus)
1048 3175 1195 3235 Agroetius
1208 3191 1234 3239 p.
1245 3175 1313 3226 2273

176 3238 206 3289 l’:
223 3240 322 3305 ‘Super
340 3239 473 3303 estquod
492 3239 601 3301 eminet,
622 3256 704 3304 supra
723 3242 793 3304 qnorl
811 3241 979 3289 substratum
998 3241 1102 3305 aliqnirl
1120 3241 1225 3290 habet.’

252 3306 341 3357 Simul
361 3313 391 3356 ct
412 3305 515 3372 simitu}
535 3306 559 3355 G
583 3324 608 3372 p.
631 3308 666 3356 9-1
685 3325 710 3356 n.
730 3308 776 3356 im:
803 3308 901 3357 ‘Simul
923 3313 954 3356 nb
976 3322 1032 3357 uua
1055 3324 1099 3357 ras
1118 3308 1184 3367 (nna
1209 3311 1314 3374 pariter

175 3388 239 3439 qnae
257 3391 304 3424 res
323 3375 454 3434 (larbusia)
471 3375 575 3439 pariter
599 3375 719 3431 clareat,
745 3381 775 3423 ut
798 3374 877 3424 simul
896 3376 1024 3439 legimns,
1053 3376 1133 3426 simul
1156 3377 1311 3428 scribimus.

173 3442 289 3492 simitum
312 3441 382 3491 lucri
400 3442 500 3507 recipit
517 3442 757 3507 significationem.
778 3443 855 3506 qumi
874 3441 1043 3492 simulitum)
1244 3496 1247 3501 ,

251 3510 371 3559 Saeuum
397 3515 425 3557 et
447 3508 596 3573 crudclcrnl
616 3510 640 3559 (l
659 3527 683 3574 p.
711 3509 758 3558 lar
782 3526 806 3560 u.
826 3509 889 3558 atu:
918 3512 1037 3560 ‘Saeuus
1059 3511 1135 3563 circa
1154 3513 1240 3561 uerba
1259 3519 1309 3571 est,

173 3577 288 3627 crudelis
310 3583 479 3627 monstratur
501 3577 655 3642 snriguine)
694 3579 705 3626 l
729 3577 791 3625 bttl:
817 3578 931 3627 ‘Sacuus
956 3579 983 3626 in
1003 3579 1043 3627 ira
1062 3579 1181 3628 crudelis
1201 3581 1228 3629 in
1248 3596 1311 3629 sun·

173 3645 275 3711 gained

250 3878 268 3933 3
286 3867 435 3927 relinctus
451 3868 482 3925 M
495 3862 509 3948 11
524 3876 540 3929 4
558 3866 710 3926 solitarius
727 3867 889 3925 insecteris
909 3868 943 3924 M
959 3861 973 3945 ll
995 3880 1011 3928 ὁ
1027 3867 1154 3925 aliorum
1174 3870 1311 3926 Rolbr'us:

172 3950 329 4013 multorum
345 3952 379 4009 M
396 3946 410 4034 11
430 3961 447 4014 6
465 3953 657 4012 solecismum
674 3955 705 4011 M
724 3951 737 4029 li
759 3951 935 4010 solecismus
949 3953 981 4008 M
1000 3946 1013 4031 ΙΙ
1035 3972 1143 4011 sensus
1158 3955 1191 4010 M
1209 3948 1222 4034 ΙΙ
1242 3964 1310 4014 8ec

173 4039 201 4093 M
211 4032 256 4119 ll⁹
275 4038 481 4096 substractum
503 4040 535 4094 M
553 4033 566 4118 Η
587 4039 722 4095 imminet
741 4037 877 4093 Bollu'us:
898 4037 1054 4094 immineat
1076 4039 1109 4093 M
1126 4032 1139 4116 ll
1166 4048 1196 4097 lu
1211 4037 1311 4094 simitu

173 4125 327 4181 Areuolus:
357 4121 511 4181 similitum
527 4125 559 4180 M
566 4118 585 4202 ll
600 4123 666 4180 lieri
690 4125 791 4179 raaldidr'
806 4117 820 4198 Η
843 4133 870 4182 ll
890 4121 934 4196 ut]
951 4122 995 4179 ita
1008 4116 1183 4201 Dorailb'usl
1207 4119 1309 4177 simili·

173 4213 229 4265 tum
241 4209 277 4266 M
293 4204 307 4289 ΙΙ
334 4214 366 4269 19
384 4197 472 4264 sim'ul
493 4208 535 4264 itu
551 4210 688 4265 Rollu‘us:
714 4206 869 4264 similitum
886 4206 919 4263 M
937 4199 951 4286 ΙΙ
973 4217 1006 4269 13
1021 4225 1126 4264 senum
1145 4207 1177 4261 M
1198 4199 1311 4283 lsenus

171 4286 231 4379 Mu
252 4291 352 4352 uerba
373 4295 494 4363 scripsi:
517 4291 646 4350 uerbera
670 4292 703 4347 M
720 4286 733 4371 ll
758 4300 789 4350 ll
803 4298 986 4348 monstratur
1003 4290 1152 4364 sariguine
1174 4289 1311 4344 Rotbius:
1332 4274 1340 4290 ’

170 4387 352 4437 monstrator
367 4376 524 4453 sauguinis
541 4378 573 4433 M

1041 4472 1105 4530 19*
