2964 5002
164 360 226 423 264
335 373 568 415 aversensem
592 373 682 415 nram
706 373 748 412 na
771 371 977 413 Αιιιιιιιιιιιιι
999 370 1142 414 servare

164 525 289 589 improba
312 524 460 574 ferocitate
484 523 555 573 alios
576 526 777 587 persequantur
800 521 846 585 (cx
864 520 982 572 Amores.
1006 523 1023 571 1.
1040 520 1085 585 a).
1123 538 1140 572 s
1163 523 1258 575 colore
1281 528 1315 574 ιιι

164 593 287 649 umbrae,
307 593 372 656 quia
391 590 481 640 colore
499 589 612 640 umbrae
631 596 708 651 sunt,
733 597 761 640 et
780 595 896 638 auratae
914 590 980 654 quia
997 589 1026 639 in
1044 591 1137 655 capite
1157 593 1220 640 suri
1237 593 1313 643 celo·

165 676 223 710 rem
240 659 357 709 habent:
383 663 412 708 ιι
433 659 507 707 uarii
529 673 547 707 s
563 659 719 719 uarietate,
743 672 810 722 quos
828 657 910 722 uulgo
928 661 1035 707 ιιιιιιιι
1052 664 1143 708 uocat.
1182 675 1200 709 s
1222 659 1314 725 figura

164 727 297 789 atarbio,
316 727 382 791 quia
400 726 532 776 rotundus
551 732 593 776 eet
611 732 739 791 totusque
757 726 786 774 in
804 726 898 790 capite
917 729 1027 775 constat
1044 732 1075 775 ut
1092 727 1170 776 solea
1183 728 1256 791 quod
1275 729 1315 778 sit

166 795 254 845 instar
282 793 527 844 calciamentorum
550 792 642 844 soleis.
691 809 708 842 a
730 808 798 843 sexu
819 798 851 842 ιιι
872 792 1012 842 musculus
1036 793 1106 857 quod
1130 797 1167 845 sit
1190 795 1313 857 balenae

165 861 317 913 musculus:
343 863 403 911 cius
428 861 501 911 enim
524 861 600 911 coitu
623 862 770 926 concipere
793 860 864 910 haec
882 859 976 910 bellua
993 861 1162 926 perhibetur.
1198 862 1266 913 hinc
1284 869 1316 914 et

164 929 283 981 musculi
302 929 485 989 cochlearum,
511 944 623 993 quorum
640 929 715 979 lacte
734 927 895 993 concipiunt
912 927 1042 979 ostreaa.’
1080 928 1126 978 ll:
1146 930 1314 995 ‘Delphines

166 1003 270 1050 certum
287 997 393 1047 habeut
410 997 583 1060 uocabulum,
603 996 674 1061 quod
691 1012 774 1047 uoces
792 996 932 1047 homiuum
950 1002 1102 1060 sequantur
1118 997 1165 1047 uel
1182 999 1257 1062 quod
1276 998 1315 1049 ad

164 1065 354 1130 symphoniam
396 1065 513 1129 ragalim
536 1065 713 1114 conueniant.
753 1063 822 1113 nihil
850 1065 879 1113 ia
902 1065 972 1113 mari
996 1063 1120 1114 uelocius
1144 1065 1221 1115 istis:
1247 1081 1315 1116 nam

165 1132 326 1199 plerumque
348 1082 482 1183 salientes
505 1147 592 1182 naues
619 1131 801 1182 transuolaut.
841 1132 951 1195 quando
975 1136 1067 1183 sutem
1090 1133 1260 1199 praeludunt
1282 1135 1315 1183 in

165 1201 294 1251 fluctibus
318 1206 346 1249 et
367 1200 500 1250 undarum
524 1215 554 1250 se
578 1199 694 1249 molibus
717 1197 791 1248 saltu
813 1199 962 1264 praecipiti
992 1199 1098 1264 ierunt,
1128 1204 1315 1266 tempestates

165 1267 326 1334 significare
349 1269 488 1319 uidentur:
517 1267 546 1317 hi
568 1268 679 1333 proprie
696 1268 816 1317 simones
834 1267 1019 1317 nominantur.
1054 1268 1089 1329 cf.
1110 1268 1206 1333 fragis.
1231 1266 1314 1319 rw.

166 1342 211 1387 est
233 1342 262 1385 ιι
284 1334 444 1401 delphinum
467 1351 554 1400 genus
576 1335 605 1384 in
629 1335 691 1385 Nilo
714 1334 794 1384 derso
817 1338 936 1396 serrato,
965 1334 1011 1399 qui
1037 1334 1191 1386 crocodilos
1213 1341 1315 1386 tenera

165 1405 304 1455 uentrium
323 1409 452 1453 secantes
470 1400 650 1452 interimunt'
685 1402 731 1450 22:
751 1402 889 1467 ‘Pagrum
909 1416 989 1467 quem
1002 1401 1104 1453 Graeci
1121 1394 1315 1468 paraenitice

165 1475 335 1536 nuncupant,
355 1470 426 1535 quod
444 1469 526 1520 duros
543 1470 641 1520 dentes
657 1468 764 1519 habeat
782 1470 822 1519 ita
839 1477 870 1519 ut
882 1469 981 1519 ostreis
992 1468 1022 1519 in
1034 1472 1105 1519 mari
1116 1468 1228 1521 alatur!
1264 1470 1315 1521 ubi

166 1537 290 1589 Grialins
302 1538 429 1588 adnotat:
447 1537 537 1589 Gloss.
545 1530 655 1602 φάγρος
667 1529 755 1602 ἰχθύς
765 1538 904 1586 dentatus.
927 1534 962 1585 48
972 1553 1047 1601 sqq:
1066 1536 1206 1588 ‘Conchse
1225 1544 1254 1588 et
1266 1554 1315 1588 co·

167 1605 264 1656 chleae
275 1606 328 1656 hac
341 1621 374 1656 ex
386 1620 471 1656 causa
482 1612 610 1665 uocatae,
621 1607 687 1669 quia
695 1604 843 1654 deficiente
852 1603 919 1653 luna
929 1610 1066 1655 canantur
1075 1605 1103 1655 id
1117 1611 1159 1655 est
1171 1620 1314 1656 euscusn·

166 1679 219 1723 tur.
249 1675 368 1722 omnium
385 1676 459 1722 enim
477 1673 632 1723 clausorum
647 1673 732 1722 maris
750 1671 911 1721 animalium
935 1676 1017 1736 atque
1037 1672 1204 1723 concharum
1221 1673 1314 1723 incre·

166 1746 258 1790 mente
276 1741 357 1789 lunae
375 1740 496 1790 membra
514 1746 678 1805 turgescunt
695 1740 807 1790 defectu
826 1747 998 1791 euacuantur
1015 1740 1063 1803 (cs.
1082 1740 1232 1791 Ambrosius
1248 1740 1313 1791 dex.

167 1807 269 1865 11117,
283 1810 337 1868 29).
362 1807 785 1871 lunaenimcuminaagmento
799 1805 1153 1871 sumit,augethumorem;
1170 1823 1232 1857 cum
1244 1822 1314 1858 uere
1354 1839 1357 1844 -

166 1874 196 1925 in
213 1874 353 1924 defectum
371 1877 489 1936 uenerit,
508 1875 636 1924 humores
653 1876 824 1925 minuuntur:
843 1874 896 1923 hoc
909 1875 981 1923 enim
993 1874 1102 1939 physici
1119 1875 1222 1925 dicunt.
1247 1889 1314 1925 cen·

168 1941 238 1992 chae
262 1947 353 1991 autem
391 1942 476 1992 rimae
495 1943 641 2006 positionis
658 1958 769 2004 nomeu,
789 1941 922 1992 cochleae
940 1957 1006 1991 uero
1023 1957 1073 2007 per
1089 1943 1313 2004 diminutionem,

167 2010 248 2073 quasi
266 1958 428 2059 conchulae.
470 2009 637 2060 concharum
656 2010 742 2061 multa
760 2024 864 2075 genera
881 2014 957 2072 sunt,
977 2011 1138 2074 intorques
1156 2016 1185 2060 et
1202 2024 1315 2075 marga·

166 2077 302 2136 ritiferae,
324 2092 394 2141 quse
413 2077 491 2128 calce
509 2078 647 2140 dicuutur,
666 2079 827 2143 inquorum
847 2091 930 2127 carne
948 2078 1085 2143 pretiosas
1104 2076 1229 2128 calculas
1247 2076 1315 2127 soli·

167 2144 257 2193 detur.
293 2143 327 2194 de
346 2145 445 2209 quibus
463 2145 576 2194 tradunt
594 2146 615 2194 ii
633 2147 679 2210 qui
698 2145 736 2195 de
756 2144 984 2195 animantium
1008 2145 1144 2195 nataris
1161 2144 1315 2210 scripse·

167 2215 259 2273 runt,
284 2212 356 2276 qued
373 2217 507 2262 nocturno
525 2217 648 2278 tempore
666 2212 761 2262 littera
780 2216 924 2277 appetunt,
944 2217 972 2262 et
990 2227 1025 2262 ex
1037 2211 1154 2263 caelesti
1166 2227 1227 2263 rore
1240 2227 1314 2263 mar·
1340 2212 1343 2217 '

167 2279 288 2344 garitum
305 2280 475 2345 concipiunt,
493 2280 566 2331 unde
585 2285 614 2329 ιι
632 2280 709 2331 οιΙόι
727 2278 921 2330 nominantur.¹
956 2278 991 2330 58
1008 2294 1063 2344 sq.:
1088 2280 1143 2331 ‘Ex
1161 2280 1198 2329 iis
1215 2279 1315 2343 (ruia)

168 2347 303 2411 quaedam
321 2349 469 2411 aquaticae
487 2348 630 2410 dicuntur,
654 2347 790 2413 quaedam
812 2347 965 2412 palustres,
988 2346 1125 2412 quaedam
1143 2346 1258 2398 rubetae
1277 2348 1316 2398 oh

167 2413 197 2465 id
215 2414 280 2479 quia
299 2415 327 2465 in
350 2415 481 2479 uepribus
503 2416 602 2465 uiuunt
629 2415 791 2479 grandiores
814 2420 989 2476 cunctarum,
1008 2413 1082 2464 aliae
1101 2413 1248 2465 calamites
1264 2429 1316 2466 ao-

169 2487 281 2537 cantur.
306 2483 433 2546 quoniam
457 2483 530 2534 inter
553 2483 702 2533 arundines
725 2482 895 2547 fruticesque
914 2482 1025 2543 uiuunt,
1044 2482 1174 2532 minimae
1192 2481 1316 2533 omnium

169 2554 197 2599 et
215 2550 412 2612 uiridissimus,
435 2556 528 2600 mutae
552 2557 579 2600 et
597 2551 657 2600 sinc
680 2565 750 2600 uoce
769 2555 841 2599 suut.
877 2548 1027 2614 agredulae
1045 2565 1131 2600 ranae
1154 2564 1260 2614 paruas
1283 2551 1317 2600 in

169 2617 245 2667 sicco
263 2617 308 2667 uel
328 2615 403 2683 agris
416 2623 564 2678 morantes,
582 2617 655 2668 unde
670 2624 697 2667 et
709 2622 895 2681 nuncupatae.
924 2623 1029 2681 negant
1041 2617 1151 2682 quidem
1169 2632 1255 2668 canes
1271 2617 1315 2667 la-

168 2689 252 2745 trare,
273 2686 371 2749 quibus
384 2686 411 2733 in
425 2685 480 2735 offa
498 2701 567 2734 rann
584 2686 651 2734 uiua
670 2685 755 2734 fuerit
767 2683 851 2734 data.‘
882 2682 916 2733 60
928 2699 1001 2750 sqq:
1022 2684 1154 2750 ‘Spongia
1172 2701 1190 2734 a
1207 2684 1315 2749 tingere

169 2752 197 2801 id
215 2758 258 2801 est
276 2753 396 2801 nitidare
416 2758 444 2800 et
464 2758 607 2818 extergere
626 2753 711 2804 dieta.
742 2752 886 2801 Afranius:
905 2752 1016 2802 Accede
1035 2753 1071 2802 ad
1089 2758 1127 2814 ιι,
1145 2758 1175 2802 ut
1188 2752 1240 2801 tibi
1254 2768 1315 2803 cer·

168 2820 257 2868 uicem
283 2818 384 2883 fingam
402 2818 504 2880 linteo,
528 2821 556 2869 id
582 2825 624 2870 est
647 2826 798 2883 extergam.
834 2819 950 2869 Cic-cro:
971 2819 1164 2883 Effingebatur
1187 2821 1316 2885 spongiis

168 2887 296 2950 sanguis,
327 2887 354 2935 id
385 2892 427 2935 cst
456 2889 653 2952 extergebatur
681 2886 727 2950 (cs.
759 2889 864 2937 Seruius
892 2889 958 2936 Aen.
987 2887 1066 2936 VIII
1088 2888 1162 2949 631).
1208 2888 1316 2937 animal

169 2959 261 3002 alitem
280 2969 341 3002 esee
360 2954 473 3004 docetur
491 2971 587 3006 cruore
606 2955 769 3005 inhaerente
793 2957 888 3019 petris.
915 2953 988 3003 unde
1008 2961 1036 3004 et
1053 2955 1115 3003 dum
1130 2955 1314 3017 abscinditur,

168 3021 332 3084 sanguinem
350 3023 474 3072 remittit.
510 3039 575 3072 nam
598 3023 655 3073 alia
679 3028 744 3072 sunt
766 3023 893 3071 uiuentis
917 3023 945 3070 in
964 3023 1043 3087 aquis
1062 3028 1091 3072 et
1107 3022 1268 3073 discurrunt
1285 3027 1317 3072 ut

168 3088 268 3152 pisces,
289 3088 363 3137 aliae
382 3098 457 3140 stant
476 3089 546 3140 fixae
565 3097 595 3140 ut
613 3095 720 3140 ostreae
740 3089 833 3139 echini
859 3091 1002 3155 spongiae.
1039 3105 1073 3139 ex
1096 3090 1138 3139 his
1161 3090 1234 3140 alias
1258 3106 1315 3153 ma-

169 3170 213 3204 rce
231 3155 301 3216 dici,
328 3172 360 3205 ιο
379 3158 450 3221 qnod
474 3160 552 3207 tenui
571 3164 635 3208 sunt
653 3158 746 3206 fistula
765 3159 974 3223 spissioresque,
994 3156 1066 3207 alias
1085 3156 1218 3216 feminas,
1243 3173 1315 3222 quae

168 3223 319 3272 maioribus
338 3224 436 3274 tistulis
454 3232 518 3275 sunt
537 3241 570 3276 ac
588 3227 738 3291 perpetuis,
760 3226 830 3275 alias
848 3225 986 3287 duriores,
1011 3240 1078 3289 quos
1097 3224 1200 3274 Graeci
1219 3225 1315 3291 appel-

167 3288 227 3339 lant
245 3283 367 3353 τράγους
386 3297 414 3341 ct
431 3309 480 3342 nos
498 3294 623 3343 hircosas
642 3294 735 3343 dicere
754 3308 896 3358 possumus
914 3294 949 3342 ob
969 3293 1148 3356 asperitatem
1167 3293 1220 3343 sui.
1248 3291 1316 3342 mol-

168 3357 301 3407 lissimum
320 3375 407 3423 genus
430 3376 524 3409 earum
543 3361 831 3425 penicillimocantur,
852 3376 884 3409 eo
904 3360 975 3424 quod
994 3367 1077 3425 aptae
1090 3361 1146 3409 sint
1165 3361 1201 3410 ad
1219 3360 1316 3410 oculo-

167 3441 226 3474 rum
244 3432 364 3477 tumorcs
388 3433 417 3477 et
435 3427 470 3476 ad
495 3429 678 3493 extergendas
697 3428 877 3493 lippitudines
895 3428 987 3477 utiles.
1024 3428 1161 3479 candidae
1180 3429 1316 3495 spongiae

169 3508 235 3542 cura
255 3493 335 3554 liunt;
359 3511 408 3558 per
432 3500 567 3545 aestatem
592 3497 664 3545 enim
689 3497 723 3544 ad
747 3497 832 3545 solem
855 3501 1014 3544 sternuntur
1037 3501 1065 3545 ct
1086 3497 1160 3545 sicut
1183 3512 1249 3545 cers
1267 3512 1316 3561 pu-

168 3561 232 3610 nica
256 3562 402 3611 candorem
424 3561 542 3612 bibunt'
584 3561 630 3614 63:
661 3563 838 3613 ‘Aninralium
861 3564 980 3612 omnium
1003 3564 1032 3612 in
1056 3564 1136 3627 aquis
1159 3564 1317 3614 uiuentium

168 3629 278 3677 nomina
298 3630 427 3679 (JXLlIll
446 3631 553 3680 Plinius
571 3631 624 3691 ait,
644 3631 736 3680 diuisa
754 3631 783 3679 iu
802 3631 949 3695 generibus
972 3630 1126 3680 belluarum
1144 3632 1317 3696 serpentium

168 3698 349 3746 communium
373 3705 465 3748 terrae
489 3704 517 3747 et
540 3713 644 3763 aquae,
674 3714 834 3748 cancrorum
859 3697 1026 3748 concharum
1049 3699 1217 3748 locustarum
1240 3699 1316 3764 pelo·

167 3763 254 3812 ridum
278 3763 436 3829 polyporum
454 3765 590 3815 solearum
608 3765 774 3816 lacertorum
794 3773 821 3816 et
843 3765 999 3831 lulliginum
1023 3772 1052 3815 et
1073 3766 1116 3815 his
1135 3766 1255 3829 similis,
1283 3782 1319 3817 ex

168 3832 266 3894 quibus
284 3831 372 3881 multa
391 3833 507 3896 quodam
526 3839 642 3883 naturae
662 3833 807 3884 intellectu
826 3839 977 3897 temporum
995 3849 1105 3883 suorum
1123 3833 1249 3883 ordinem
1268 3850 1285 3883 s
1308 3863 1318 3872 -

167 3906 293 3959 noscunt,
313 3900 449 3964 quaedam
467 3916 533 3950 uero
551 3902 580 3950 iu
598 3902 655 3951 suis
673 3901 742 3951 locis
761 3903 821 3951 sine
841 3902 994 3950 mutatione
1013 3899 1170 3966 uagantur.’
1206 3899 1254 3950 διε
1275 3904 1282 3926 ‘

167 3966 290 4030 piscibus
314 3972 406 4017 autem
429 3968 541 4017 leminis
564 3969 638 4023 aliae
662 3970 856 4019 commixtione
885 3967 1002 4018 masculi
1029 3969 1192 4034 concipiunt
1216 3974 1246 4018 et
1267 3984 1317 4034 pa·

167 4034 241 4082 rinnt
255 4032 375 4095 catellos,
396 4033 469 4084 aliae
482 4041 586 4099 ponunt
599 4052 652 4085 oua
669 4038 728 4086 sine
747 4035 863 4086 masculi
876 4037 1070 4086 commixtione
1083 4040 1223 4101 suscepta,
1244 4052 1319 4102 quse

168 4099 241 4149 idem
264 4100 412 4165 insequens
436 4103 478 4152 sui
504 4103 617 4151 seminis
641 4104 717 4154 iactu
735 4105 892 4169 perfundit,
917 4110 945 4153 ιι
964 4119 1034 4168 quse
1052 4104 1105 4154 hoc
1123 4119 1238 4154 munere
1258 4105 1318 4155 iue-

167 4169 222 4216 rint
241 4168 350 4228 afflata,
374 4167 444 4218 fiunt
466 4169 654 4235 generabilia,
679 4187 749 4237 qnae
772 4188 838 4221 uero
856 4172 970 4236 perfusa
992 4186 1047 4221 nen
1066 4172 1184 4233 fuerint,
1208 4173 1320 4222 sterilia
1358 4221 1363 4231 ,

168 4241 348 4297 perseuernnt
375 4241 423 4284 ant
445 4234 626 4301 putrescunt*
668 4239 693 4286 7.
714 4240 771 4289 ‘De
790 4238 912 4289 auibus'
951 4237 996 4287 lu:
1023 4240 1143 4289 ‘Ferunt
1160 4239 1190 4288 iu
1207 4239 1307 4305 Hyper

168 4300 259 4349 boreis
272 4302 396 4365 partibus
414 4304 639 4369 praecinentibus
651 4306 818 4356 citharoedis
830 4307 920 4356 olores
936 4305 1067 4372 plurimos
1084 4307 1217 4357 aduolare
1238 4314 1321 4374 apte-

168 4381 220 4431 que
237 4368 381 4418 admodum
399 4372 554 4422 concinere.
592 4373 682 4424 olores
699 4380 790 4424 autem
806 4373 922 4424 latinum
938 4389 1038 4427 nemen
1054 4379 1109 4424 est:
1133 4389 1198 4424 nam
1213 4390 1320 4442 gruem
