2964 5002
329 1155 427 1272 IN
455 1156 749 1276 VITAM
784 1158 1226 1279 TERENTII

486 1422 1069 1523 COMMENTARIVS
1108 1509 1111 1516 ,

405 1658 750 1742 FRIDERIOI
772 1660 1162 1791 RITSCHELII.

296 2018 334 2077 In
349 2018 413 2077 vita
428 2018 567 2077 Terentii
591 2017 786 2077 emendanda
802 2028 894 2098 atquc
910 2019 1090 2080 adnotanda
1105 2023 1213 2102 quibus
1228 2025 1344 2083 Donati

214 2117 366 2178 codicibus
382 2139 454 2179 usus
469 2121 539 2192 sim,
560 2121 623 2179 dixi
639 2140 669 2198 p.
685 2128 719 2182 26
739 2119 807 2179 libri
822 2121 1120 2181 Reiffersclreidiani.
1150 2126 1199 2183 Da
1215 2126 1344 2203 singulis

213 2221 256 2279 sic
269 2219 392 2281 habeto.

295 2326 320 2379 A
341 2322 585 2402 antiquissimus,
609 2322 648 2380 de
672 2342 731 2401 quo
754 2321 878 2400 quidem
894 2332 1026 2394 constet,
1051 2324 1253 2384 Parisinus
1276 2334 1345 2388 7920

215 2433 272 2496 cst,
295 2425 417 2483 sacculo
436 2436 470 2481 xl
492 2426 523 2482 in
547 2423 730 2482 membranis
745 2425 889 2502 scriptus,
907 2425 978 2483 olim
993 2426 1053 2482 nisi
1069 2426 1243 2483 coniectura
1264 2428 1343 2485 fallit

214 2525 319 2585 lodoci
334 2525 424 2585 Badii
440 2526 597 2598 Ascensii,
622 2525 659 2583 ab
682 2526 739 2584 hoc
761 2544 876 2603 genero
899 2546 953 2584 suo
977 2525 1108 2586 donatus
1125 2526 1260 2585 Roborto
1276 2527 1343 2586 Ste-

214 2626 331 2705 phano,
363 2636 434 2705 post
462 2647 480 2685 a
508 2628 602 2686 Petro
625 2629 758 2686 Daniele
788 2646 957 2706 possessus.
1001 2629 1072 2688 Non
1096 2629 1206 2705 exiguo
1228 2629 1254 2688 is
1276 2628 1343 2687 rastri

215 2748 277 2787 cum
305 2728 433 2806 editioni
460 2728 692 2808 Stoplranianaa
718 2729 775 2787 suit
799 2738 861 2787 tum
886 2728 1206 2788 Irindenbrrrclrianae.
1250 2731 1343 2789 Prae·
1397 2729 1400 2733 ’

214 2839 297 2890 terea
317 2831 383 2889 fieri
405 2838 507 2908 potest
527 2831 640 2889 utiam
667 2831 789 2889 saeculo
812 2842 857 2888 xv
885 2851 903 2887 a
923 2831 1062 2890 Terentii
1085 2831 1201 2891 editore
1227 2852 1288 2890 uno
1313 2838 1344 2889 et

214 2932 283 2991 itcm
299 2932 395 2991 altero
411 2933 567 3010 inspectus
583 2934 630 2991 sit.
643 2965 684 2972 -
695 2933 722 2989 Ε
738 2933 847 2990 ceteris
864 2931 1033 3005 codicibus,
1057 2952 1132 3013 quos
1153 2933 1275 2993 saeculo
1299 2943 1344 2990 xv

213 3035 340 3114 scriptos
357 3033 599 3092 noviciorum
614 3034 666 3092 vel
682 3032 865 3091 deteriorum
881 3035 1004 3093 nomine
1020 3036 1218 3114 complector,

297 3138 323 3192 B
337 3135 410 3193 item
425 3134 625 3193 Parisinus
649 3144 695 3193 est
716 3144 798 3207 792¹,
821 3135 1007 3195 chartaceus.
1043 3137 1211 3216 Vtrumque
1232 3155 1344 3214 magna

213 3256 276 3296 cum
298 3255 370 3295 cura
388 3236 539 3294 Ludovici
560 3224 664 3294 Rotbii
687 3256 794 3295 caussa
816 3237 944 3297 Iacobus
965 3237 1160 3296 Hunzilrerus
1181 3238 1343 3296 Helvetios

213 3339 355 3398 contulit:
374 3336 458 3396 ande
475 3337 711 3416 discrepantiam
727 3339 893 3416 scripturae
909 3359 1029 3397 omnam
1044 3338 1173 3398 Rothius
1188 3339 1220 3396 in
1231 3340 1343 3415 ‚Museo

212 3440 317 3520 philol.
334 3440 485 3499 Rhenano
509 3439 645 3498 exhibuit
666 3440 727 3498 vol.
744 3452 793 3497 ΧΗ
818 3438 859 3516 (a.
878 3440 957 3514 1857)
979 3460 1009 3518 p.
1029 3449 1077 3503 174
1092 3461 1176 3520 sqq.,
1200 3441 1344 3500 selectam

212 3542 243 3600 in
258 3542 453 3622 praefatione
470 3540 608 3600 Suetonii
629 3542 755 3619 Lipsiae.
772 3541 854 3621 apud
869 3542 905 3599 B.
923 3540 960 3602 G.
976 3541 1171 3633 Teubnerum
1188 3562 1215 3600 a.
1240 3551 1306 3605 1858
1325 3562 1345 3602 a

211 3662 245 3702 se
260 3643 336 3703 editi
352 3664 382 3722 p.
399 3654 506 3699 Lxxlx
523 3663 570 3722 sq.
605 3642 740 3702 Eosdem
762 3652 862 3701 autem
883 3641 1004 3701 codices
1028 3663 1093 3702 eum
1116 3643 1232 3722 aliquot
1254 3644 1344 3701 annis

213 3754 283 3804 ante
303 3744 477 3804 Ludoricus
500 3743 680 3822 Schopenus
709 3753 828 3815 noster,
855 3743 925 3801 dum
945 3744 1070 3803 Parisiis
1092 3743 1193 3822 degit,
1220 3764 1290 3803 suos
1311 3745 1344 3803 in

211 3866 281 3906 usus
297 3832 447 3905 condolita
468 3845 630 3921 diligentia-
646 3847 829 3904 excussisset
850 3845 976 3923 eiusque
997 3847 1194 3918 conlationis,
1217 3865 1277 3925 qua
1299 3854 1345 3904 est

213 3957 243 4008 et
263 3947 446 4007 liberalitato
470 3954 501 4005 et
522 3947 663 4005 comitate
686 3967 808 4025 prorsus
832 3945 969 4018 amabili,
993 3948 1112 4025 copiam
1133 3947 1205 4005 milri
1228 3947 1345 4004 faceret

212 4049 485 4127 exoptatissimam:
510 4048 566 4106 etsi
591 4047 629 4105 (lc
652 4047 741 4106 rebus
764 4047 921 4126 plerisque
944 4047 1017 4106 satis
1046 4046 1127 4107 inter
1150 4047 1344 4124 Sobopenum

211 4142 483 4229 Huu'zikerumque
499 4150 665 4208 convenire
682 4149 827 4225 cognovi,
851 4156 958 4206 tamen·
977 4149 1126 4227 quaedam
1150 4146 1344 4206 offendebam

179 4240 182 4251 ’
211 4251 339 4310 molesto
360 4253 600 4311 testimoniorum
623 4249 751 4308 discidio
774 4258 832 4307 tarn
853 4249 994 4325 ambigua
1013 4260 1129 4308 utnon
1151 4247 1344 4307 mediocriter

211 4351 404 4412 haesitarem.
447 4354 513 4411 Hos
535 4353 626 4430 igitur·
647 4351 803 4429 scrupulos
825 4358 858 4407 ut
881 4349 920 4407 de
943 4349 1044 4408 medio
1067 4368 1173 4408 omnes
1194 4348 1342 4420 tollerem,

265 4484 383 4521 ΙῙΙΊὊΙΙ
402 4485 465 4519 nn..
1102 4448 1137 4509 3¹
