2964 5002
567 384 608 428 nn
633 386 774 430 sarvam
797 386 905 430 RERVM

715 535 904 621 feriuntque
924 557 1068 599 surrmros

461 635 596 721 fulgura
615 645 754 700 montes.
801 617 813 643 ⁰

185 738 261 801 niun
284 746 392 803 autem
420 737 604 801 excelsiora
624 737 697 800 loca
725 759 746 799 a
766 740 1014 824 tempestatibus
1041 760 1114 802 ease
1137 761 1253 803 secura
1272 750 1308 803 ut

183 839 339 927 (llyrnpus.
379 840 438 927 qui
472 837 668 902 celsitudine
703 861 763 902 sua
791 861 851 902 nec
879 840 1019 926 impetus
1048 849 1218 904 uentorum
1247 864 1309 904 neo

165 942 249 1003 rictus
267 940 439 1005 fulminum
462 941 577 1022 sentit,
601 943 679 1025 quia
702 941 805 1004 nubes
829 941 970 1004 excedit.

247 1158 357 1207 aucvs
386 1141 597 1231 quadricolor
622 1152 673 1207 est
701 1152 733 1206 et
762 1164 804 1206 ex
833 1141 985 1207 omnibus
1014 1143 1177 1207 elimentis
1207 1144 1239 1206 in
1268 1134 1415 1208 sellfr*

174 1245 247 1330 rapit
276 1246 417 1331 species:
471 1243 511 1308 de
539 1242 629 1308 eaelo
660 1245 747 1307 enim
780 1244 881 1308 trahit
913 1245 1046 1329 igneum
1073 1242 1229 1323 colorem,
1266 1245 1306 1308 de

172 1348 255 1433 spois
277 1368 493 1434 purpureum,
516 1344 557 1409 de
578 1367 653 1409 aere
674 1343 803 1427 album,
833 1345 874 1408 de
894 1345 991 1408 terris
1012 1344 1138 1429 colligit
1165 1346 1305 1430 nigrum.

170 1493 248 1565 μέλει·
265 1499 302 1569 τῇ
318 1490 462 1567 δ’ὄξῦτητι
480 1499 531 1567 τῆς
548 1498 642 1565 φοροὶς
665 1490 889 1566 προσλαμβάνον
912 1493 965 1565 τὴν
982 1489 1040 1549 sind
1062 1497 1113 1549 rori
1130 1491 1214 1566 ἡλίου
1238 1500 1305 1564 θερ-

169 1562 285 1635 μότητα,
303 1566 518 1645 τεραμνοβολελ·
542 1561 650 1644 τοῦζδὲ
673 1566 818 1645 ιιεζραυυοιῐι
839 1561 892 1633 την
914 1557 1074 1645 dedecuere
1098 1562 1140 1625 εἰς
1154 1568 1306 1647 Ιπρηστῆρα

168 1636 356 1757 ttdtldlr
375 1627 1306 1767 ttltlttb,⁰55⁹ttltt⁰tt²tt⁰ttlt⁰lltttbttt

167 1773 212 1835 lei,
231 1771 271 1850 egi
288 1766 322 1823 δὲ
338 1722 421 1849 poeto&
439 1720 500 1836 ζέήρν
521 1720 741 1837 μελανίαῖωτοιέ
760 1719 909 1847 νέφλιιέλλους
927 1720 1052 1848 dosiades
1071 1720 1124 1836 ciis
1146 1720 1304 1837 doroensis,

167 1840 199 1905 rai
226 1838 259 1891 de
287 1838 396 1905 πληθει
420 1836 470 1889 καὶ
497 1834 615 1904 μεγέθει
633 1837 685 1888 τοῦ
709 1853 803 1901 φωτος
820 1853 871 1888 τον
893 1853 1044 1902 κεραυνον,
1069 1840 1107 1904 τῷ
1126 1832 1158 1888 δέ
1182 1839 1306 1889 noluero·

165 1904 312 1974 μστασέρφ
332 1907 410 1985 ιτιιρλι
426 1900 477 1959 τὸν
500 1905 632 1972 τυφῶνα,
650 1905 702 1971 ,τῴ
731 1900 762 1956 δὲ
791 1904 974 1984 reostende!
994 1899 1044 1956 τὸν
1067 1905 1225 2036 πὲηστῆρα.
1269 1901 1308 1957 Ol

166 1972 285 2027 Στωικοὶ
307 1972 433 2041 βροντην
454 1967 510 2040 μέν
531 1967 727 2040 συγκρουσμὸν
745 1989 776 2023 νε
801 1989 854 2035 σον,
875 1966 1024 2039 αστραπὴν
1043 1963 1091 2024 δ’ἔ
1107 1983 1181 2037 αψιν
1204 1966 1235 2025 έιι
1253 1991 1307 2024 πα-

165 2042 331 2109 ρατρίψεως,
349 2035 494 2106 κεραυνὸν
511 2036 543 2092 dl
556 2035 753 2107 σφοδροτέραν
787 2040 922 2106 λλαμψιν,
936 2040 1085 2107 πρηστῆρα
1098 2035 1130 2091 δὲ
1143 2038 1294 2107 ναχελεστέ
1302 2069 1308 2074 -

166 2127 224 2175 ραν.
265 2100 467 2175 Ἀριστοτέλης,
488 2101 518 2172 έξ
535 2099 761 2174 α’ναθυμιάσεως
779 2105 829 2159 sal
847 2103 881 2158 roi
900 2108 1020 2159 τοιαῦτα
1037 2108 1172 2175 Ιμ’νεσλλαι
1191 2108 1241 2176 τῆς
1259 2108 1308 2175 ξη-

169 2178 228 2243 ρᾶς·
246 2166 319 2229 ὅταν
335 2164 389 2229 οὖν
407 2170 511 2244 ἐντύχῃ
520 2170 582 2256 μὲν
604 2175 638 2242 τῇ
657 2168 746 2240 ὑγρᾷ,
764 2168 913 2241 παραβιαζ
931 2192 978 2226 ται
1002 2169 1034 2226 dl
1057 2169 1108 2227 τὸν
1132 2172 1247 2239 ἔξοδον,
1272 2176 1308 2243 τῇ

185 2242 215 2297 ’ν
231 2245 411 2311 παρατρίψει
428 2241 479 2296 καλ
496 2261 530 2311 τη
548 2237 628 2311 λήξει
646 2240 697 2295 τὸν
719 2236 820 2308 ψόφον
843 2242 893 2309 τη”ς
913 2192 1038 2310 deensis
1055 2243 1204 2309 Ιμίνεσθαι,
1224 2243 1259 2309 τῇ
1277 2240 1309 2294 δ’
1368 2286 1378 2308 ,

165 2261 264 2379 έὲέφει
287 2312 339 2379 τῆς
356 2306 526 2392 ξηρὸηητος,
541 2307 597 2388 μὴν
613 2302 773 2377 ἀστραπήν·
797 2309 961 2390 πρηστῆρας
985 2306 1017 2361 δὲ
1041 2309 1091 2362 καλ
1113 2311 1247 2376 τυφῶνας
1269 2313 1310 2378 τῷ

165 2381 332 2447 πλεονασμῷ
354 2396 405 2448 της
427 2380 511 2445 υλης,
536 2396 574 2446 ην
602 2371 736 2441 ἑκάτερος
759 2369 855 2430 αὐτων
877 2373 1095 2445 συνεφέλκεται,
1126 2373 1308 2443 θερμοτέραν

166 2444 216 2516 μέν
231 2440 249 2501 ὁ
266 2443 411 2515 πρηστήρ,
434 2442 600 2514 παχυτέραν
619 2440 651 2498 dl
670 2439 685 2497 ὁ
702 2439 810 2512 τυφών.
848 2448 884 2497 cf.
897 2447 995 2497 Ideler.
1010 2447 1028 2496 I.
1042 2463 1066 2495 c..
1079 2463 1106 2511 p.
1121 2444 1167 2495 llll
1182 2463 1239 2510 sqq.

248 2514 318 2571 tto*
330 2516 453 2567 Isidorus
470 2516 504 2565 de
521 2521 620 2565 natura
638 2531 727 2565 rerum
740 2515 842 2564 XXXI:
870 2516 920 2564 ‘De
939 2530 1013 2564 areu.
1029 2514 1155 2563 Clemens
1168 2515 1308 2563 Romanus

168 2587 279 2637 antistes
292 2590 321 2635 et
330 2592 435 2647 martyr
443 2585 484 2633 itu
496 2583 605 2633 scribit:
619 2584 706 2632 Areus
716 2583 826 2633 enimin
839 2599 903 2633 aere
914 2599 947 2633 ex
958 2582 1078 2645 imagine
1089 2579 1155 2630 solis
1165 2581 1216 2628 boc
1228 2582 1308 2630 modo

168 2654 304 2705 tornatur.
329 2652 393 2701 dum
407 2651 480 2701 enim
492 2650 572 2701 solin
590 2651 708 2700 nubibus
720 2651 925 2701 rarescentibus
938 2667 971 2699 ex
985 2650 1100 2698 aduerso
1114 2648 1252 2697 refulserit
1264 2665 1307 2697 ra-

167 2720 275 2786 diosque-
287 2736 352 2771 arros
364 2720 471 2769 directa
483 2717 558 2768 liuoa
570 2717 676 2768 humori
688 2717 782 2767 nubilo
800 2719 997 2768 transfundens
1016 2717 1198 2782 impresserit,
1218 2716 1248 2763 tit
1265 2732 1307 2764 re-

167 2790 304 2853 percussio
321 2786 476 2852 splendoris
495 2786 553 2836 eius
570 2787 599 2835 in
616 2785 734 2836 nubibus
751 2785 956 2835 rarescentibus
974 2801 1007 2834 ex
1025 2785 1123 2848 quibus
1141 2783 1229 2848 fulgor
1242 2785 1307 2832 emi-

168 2872 230 2907 cans
247 2871 331 2906 arcus
348 2854 470 2920 speciem
489 2854 598 2903 format.
641 2853 714 2902 sicut
737 2854 809 2902 enirn
833 2855 959 2918 inpresso
981 2868 1046 2903 cera
1065 2851 1141 2901 anuli
1159 2852 1307 2913 imaginem

169 2925 307 2989 exprimit,
325 2923 366 2973 sie
384 2921 473 2971 nubes
486 2938 500 2971 e
515 2926 610 2971 eontra
623 2937 657 2971 ox
670 2921 838 2971 rotunditate
851 2921 918 2971 solis
930 2920 1044 2985 liguram
1064 2927 1203 2970 sumentes
1216 2920 1307 2968 orbem

170 2991 291 3041 elliciunt
308 2997 337 3041 ct
354 3004 437 3040 arens
453 2989 574 3054 speeiem
592 2988 706 3054 tingunt.
738 2995 855 3053 apparet
873 2995 964 3038 antem
982 2988 1034 3038 hoc
1052 3003 1106 3037 non
1119 3004 1240 3052 semper,
1259 2988 1308 3037 aed

169 3072 225 3109 euru
237 3062 383 3111 rarescunt
395 3056 492 3106 nubila
504 3056 585 3106 caeli.
607 3072 671 3105 uam
684 3072 776 3105 rursus
786 3071 847 3105 eam
857 3057 885 3105 in
897 3071 927 3105 se
938 3061 1038 3105 coeunt
1047 3056 1134 3104 nubes
1145 3056 1233 3119 adque
1244 3055 1308 3104 ‹lun-

169 3125 439 3187 tmtur,eonlestim
453 3139 534 3174 arcus
551 3124 640 3173 forma
652 3123 805 3174 resoluitur.
836 3125 864 3172 in
887 3124 999 3173 nubium
1017 3123 1088 3171 enim
1107 3124 1246 3173 densitate
1266 3139 1308 3172 nr·

171 3208 215 3243 eus
230 3210 326 3245 aerem
348 3193 377 3242 in
397 3193 523 3257 perfeeto
545 3207 611 3257 gyro
633 3191 823 3256 conplectitur.
852 3191 970 3255 denique
989 3192 1048 3239 sino
1071 3190 1128 3238 sede
1147 3197 1175 3237 ct
1191 3191 1309 3239 nubibus

171 3276 311 3327 numquam
330 3265 449 3325 apparet
465 3275 558 3321 mous,
583 3261 648 3324 qnia
665 3275 698 3309 ex
715 3265 781 3323 typo
799 3259 870 3307 radii
887 3259 953 3309 solis
971 3259 1081 3322 specics
1094 3259 1153 3306 cius
1166 3259 1308 3307 sornnunr.

172 3329 391 3393 quadricolor
408 3327 480 3378 eninr
499 3332 551 3376 cst
563 3363 569 3375 .
580 3363 600 3376 ..
616 3328 755 3391 nigrum.
778 3326 823 3376 lrie.
837 3333 927 3377 autem
940 3342 1020 3376 arcus
1033 3342 1082 3390 pro
1095 3342 1127 3375 co
1141 3325 1210 3389 (prod
1224 3342 1240 3374 ιι
1252 3325 1309 3374 sole

171 3394 326 3463 resplendet
343 3397 371 3445 in
383 3395 501 3445 nubibus
520 3394 622 3444 Christi
639 3394 755 3459 gloriam
773 3395 879 3442 imlicat
896 3395 924 3443 in
941 3393 1083 3459 prophetis
1102 3409 1134 3443 ac
1152 3392 1309 3443 doctoribus

170 3464 358 3545 refulgentem.
390 3462 438 3513 alii
461 3479 494 3511 cx
515 3462 620 3512 duobus
643 3462 779 3512 coloribus
797 3463 855 3510 cius
874 3462 901 3510 id
919 3470 961 3511 est
980 3477 1082 3526 aquoso
1106 3468 1134 3509 et
1152 3461 1234 3523 igneo
1256 3461 1309 3510 dno

171 3530 270 3583 iudicia
291 3529 446 3597 significari
468 3530 608 3590 eliserunt,
632 3544 713 3578 unum
738 3545 786 3593 per
809 3530 878 3593 quod
902 3530 1000 3579 dudum
1019 3529 1096 3593 inrpii
1118 3530 1258 3593 perierunt
1282 3531 1309 3577 in

170 3598 283 3659 diluuio,
308 3597 424 3648 alterum
447 3614 497 3662 per
519 3597 590 3661 quod
613 3598 781 3662 postmodnm
804 3604 967 3661 peccatores
986 3596 1125 3646 cremandi
1143 3598 1250 3645 suntin
1270 3599 1309 3646 in-

171 3665 263 3717 terno)
289 3665 412 3716 Isidorus
425 3666 512 3730 origg.
527 3665 594 3714 XIII
610 3664 649 3727 lo,
670 3664 693 3713 l.
713 3664 840 3714 Clemens
858 3681 967 3729 recogn.
983 3664 1047 3714 VIII
1060 3665 1107 3712 42:
1130 3665 1181 3713 ‘Ita
1199 3681 1264 3728 crgo
1283 3672 1311 3712 et

172 3749 247 3784 arcus
263 3734 425 3799 exprimitur
443 3733 470 3780 in
489 3748 562 3782 aere.
582 3732 621 3780 sol
636 3733 707 3782 enim
726 3732 843 3782 nabibus
856 3732 1059 3782 rarescentibus
1078 3733 1169 3781 radios
1187 3748 1248 3780 suos
1262 3733 1310 3780 ἰιιι-

171 3803 286 3867 primens
299 3809 328 3851 et
338 3801 446 3850 immori
461 3799 555 3850 rnrbilo
572 3800 648 3849 uelut
661 3817 742 3849 cerac
756 3800 830 3848 molli
844 3801 968 3863 adligcns
980 3800 1053 3850 orbis
1069 3801 1112 3849 sui
1124 3807 1217 3864 typum
1231 3814 1311 3848 urens

171 3871 287 3935 speciem
306 3870 409 3929 reddit,
430 3873 458 3917 ct
473 3868 559 3917 eflicit
575 3868 627 3918 boc.
644 3869 705 3933 ipsu
722 3875 752 3916 nt
771 3869 827 3917 diri
845 3870 1016 3933 repercussio
1034 3868 1187 3932 splendoris
1200 3867 1264 3915 solis
1283 3869 1311 3915 in

171 3936 284 3987 nubibus
304 3942 387 4002 atque
408 3953 441 3985 ex
460 3936 515 3984 illis
533 3936 666 4001 fulgorem
687 3936 783 3985 circuli
801 3936 860 3985 elus
878 3937 1007 3986 reddens:
1031 3937 1169 3986 litantem
1188 3935 1239 3983 boc
1258 3950 1310 3983 non

171 4018 287 4070 semper,
306 4004 356 4055 scd
375 4018 436 4054 curn
454 4005 686 4068 opportunitatem
699 4004 741 4053 sni
754 4003 898 4054 humectas
912 4005 999 4053 nubes
1017 4002 1181 4054 rarescendo
1195 4000 1310 4066 praesti·

172 4072 260 4123 terint.
287 4073 361 4123 uude
381 4078 409 4123 ct
427 4087 518 4121 rrrrsus
536 4086 596 4120 curu
614 4073 764 4122 densantur
782 4072 869 4121 nubes
887 4078 914 4121 et
933 4078 1044 4131 coemit,
1066 4086 1146 4120 arcas
1164 4070 1251 4118 forma
1270 4084 1310 4115 rc-

248 4237 266 4289 t
280 4226 405 4306 fulgora
414 4229 467 4285 AB
480 4223 491 4304 λλ
503 4236 520 4289 3
532 4227 682 4285 exelsiora
695 4230 719 4281 A
733 4220 745 4303 λζ
757 4243 774 4279 a
785 4243 837 4281 om.
852 4228 903 4281 AB
915 4222 926 4303 λλ
941 4224 1090 4302 tolipbus
1105 4219 1144 4280 Β1
1158 4222 1170 4285 λι
1180 4223 1310 4299 impetus

172 4330 220 4368 om.
231 4318 256 4371 A
269 4310 283 4396 λλ
298 4326 314 4376 5
331 4313 403 4388 ictjs
419 4316 444 4369 A
458 4331 511 4368 om.
528 4316 555 4369 B
570 4308 582 4391 λλ
597 4321 614 4373 6
630 4308 822 4390 quadricolor
839 4312 865 4365 B
879 4304 892 4388 λλ
910 4318 941 4366 et
956 4314 1087 4367 omissum
1103 4309 1168 4363 aaetd.
1192 4309 1254 4361 erat
1274 4325 1310 4365 m.

174 4398 198 4453 B
211 4392 252 4479 λλ7
267 4402 390 4479 species
406 4399 433 4454 Β
447 4392 460 4477 λλ
476 4397 582 4454 tralrilt
595 4404 618 4455 A
637 4397 709 4454 trait
722 4396 746 4450 a
761 4387 774 4474 λλ
788 4404 999 4472 ιιμιιιηιοιοιιιιι
1012 4389 1081 4449 An¹
1099 4387 1112 4471 λλ
1127 4409 1177 4479 are
1192 4385 1233 4446 Ιλ1

233 4514 354 4551 τιίτοιιι
374 4513 438 4548 asu.
1061 4493 1098 4552 ll)
