2964 5002
542 374 717 438 vnaaoavri
739 396 981 439 nrsrnauarran
1269 384 1328 448 281

275 558 406 607 nonunt
430 550 464 606 et
486 548 616 625 mos]
632 544 761 608 moenia
774 541 979 631 publicorum
996 554 1071 607 sunt
1087 565 1230 631 operum,
1247 547 1330 610 muri

191 642 411 708 aedificiorum
431 645 644 729 priuatorum.

274 760 393 809 lustr
422 754 457 810 et
481 751 659 828 maseva]
687 768 796 811 mereo
821 755 925 811 meret
958 750 1031 832 quis
1064 746 1246 810 mercedem
1279 746 1333 812 uel

193 867 339 933 poenm:
368 867 497 911 mereor
523 856 665 911 meretur
691 855 799 911 autem
829 849 883 933 qui
917 869 959 912 ex
979 848 1115 911 alterius
1136 847 1257 912 indicio
1278 870 1334 933 pa·
1400 860 1403 868 '

172 970 260 1015 arem
279 946 449 1013 benefieiis
471 950 612 1032 gratiam
635 958 797 1035 expectat.

273 1065 416 1115 uanos
437 1059 472 1114 et
488 1066 629 1114 nuuoas
650 1051 710 1114 hoe
734 1048 969 1135 differt:mergi
993 1057 1068 1113 sunt
1086 1071 1165 1113 aues
1187 1050 1333 1114 marinae

193 1171 329 1236 quaese
352 1153 385 1215 in
409 1172 529 1238 aquam
550 1159 719 1236 mergunt,
740 1171 871 1235 mergae
893 1159 968 1213 sunt
989 1149 1092 1213 fustes
1112 1148 1243 1214 deducti
1263 1151 1333 1237 qui-

192 1250 252 1315 bus
272 1242 406 1316 metitur
426 1253 461 1315 in
483 1253 577 1338 aquis
598 1252 755 1338 profundi
777 1253 952 1339 quantitas.

272 1369 418 1417 NVLLVM
438 1361 471 1417 et
491 1358 666 1435 auulsum]
698 1352 807 1417 nullus
834 1353 876 1416 ad
900 1353 1055 1415 uniuersa
1077 1360 1184 1438 potest
1206 1352 1334 1436 referri,

164 1470 285 1516 sinemo
305 1452 348 1517 ad
370 1453 546 1534 hominem,
572 1454 664 1519 uelut
685 1475 727 1518 ne
749 1452 844 1518 homo
867 1451 1010 1540 quidem.

273 1568 392 1618 soc'tv
415 1563 449 1619 et
471 1546 600 1637 socru]
630 1566 729 1620 noctu
755 1555 802 1619 sic
831 1555 970 1619 dicimus
998 1553 1159 1640 quomodo
1180 1555 1334 1638 interdiu,

194 1664 225 1718 et
243 1654 409 1741 significat
430 1654 572 1742 aliquam
594 1667 719 1741 partem
741 1656 863 1738 noctis,
886 1659 937 1739 (ut
952 1655 1111 1742 interdiu)
1135 1655 1219 1738 ἀίεις
1239 1666 1333 1721 nocte

195 1766 299 1822 autem
319 1764 423 1821 totam
445 1766 573 1821 noctem
592 1757 827 1841 intellegimus.

225 1953 228 1958 Ι
273 1978 387 2029 Moenia
406 1983 435 2029 st
452 1977 472 2040 †
490 1977 626 2045 aedificia]
647 1978 670 2030 G
688 1996 714 2046 p.
735 1977 783 2028 102
800 1994 827 2029 n.
846 1978 910 2029 205:
930 1979 1014 2030 ‘Inter
1032 1982 1142 2032 moenia
1160 1987 1189 2031 et
1207 1980 1335 2032 aedificia

196 2046 242 2096 hoe
269 2046 401 2136 interest,
431 2047 502 2111 quod
530 2048 640 2097 moenia
668 2046 838 2113 publicorum
865 2052 927 2097 sunt
951 2063 1063 2112 operum
1087 2048 1215 2099 aedilicia
1244 2050 1334 2115 priua·

196 2120 287 2163 torum.
1344 2124 1350 2137 ³

256 2182 347 2233 Monet
364 2186 394 2232 ot
410 2178 541 2247 meretur]
560 2181 585 2231 G
606 2199 632 2248 p.
658 2180 707 2231 104
725 2197 751 2230 ιι.
770 2180 835 2232 2322
860 2182 945 2233 ‘Inter
968 2190 1073 2234 moeret
1091 2189 1119 2234 et
1145 2191 1265 2234 meretnr
1282 2185 1335 2234 hoe

195 2249 314 2311 intorem,
333 2249 406 2315 quod
425 2249 471 2313 qui
488 2255 594 2300 moeret
610 2250 696 2299 tristis
715 2258 771 2313 est,
793 2256 914 2300 meretur
933 2257 1024 2300 autem
1044 2252 1088 2314 qui
1108 2267 1142 2299 ex
1160 2251 1276 2301 alterius
1294 2253 1334 2300 in·

195 2316 264 2367 dicio
284 2331 382 2383 parem
404 2312 549 2367 beneficio
566 2319 685 2381 gratiam
709 2317 858 2382 expectat'
895 2317 963 2381 (ip.
985 2316 1033 2366 100
1050 2334 1076 2366 n.
1097 2317 1158 2367 171:
1178 2320 1261 2367 ‘Inter
1279 2335 1335 2367 rne-

194 2398 238 2434 roo
254 2390 285 2434 et
300 2400 409 2435 mereor
425 2383 479 2434 hoc
497 2385 614 2435 interest
631 2384 703 2450 quod
721 2400 812 2434 mereo
829 2401 879 2450 pro
896 2384 995 2433 merito
1008 2385 1128 2444 seruitii,
1154 2400 1259 2434 mereor
1286 2402 1335 2449 pro

194 2466 273 2517 opere
290 2450 442 2512 mercedis;
466 2452 507 2502 sic
524 2453 630 2502 rumino
647 2453 767 2502 ruminor
786 2452 873 2501 ethis
892 2450 1013 2500 similia)
1050 2448 1145 2500 1365:
1171 2452 1254 2499 ‘later
1277 2468 1335 2501 me·

194 2526 265 2569 retur
285 2525 315 2571 et
335 2524 451 2570 moeret.
480 2520 526 2584 qui
549 2520 785 2583 meretur-dignus
810 2525 852 2569 est
875 2519 966 2583 aliquo
985 2517 1134 2579 beneficio,
1159 2518 1204 2581 qui
1230 2524 1335 2567 moeret

195 2587 278 2637 tristis
296 2590 362 2639 ost)
390 2586 482 2652 Caper
499 2587 533 2637 de
552 2588 643 2638 verbis
661 2587 750 2637 dubiis
768 2604 794 2652 p.
813 2585 893 2636 2249:
914 2587 1031 2639 ‘Mereor
1050 2585 1083 2635 de
1096 2589 1133 2646 te,
1153 2600 1245 2634 mereo
1258 2601 1334 2635 asra.

193 2654 252 2719 Pp.
264 2653 328 2706 ³50:
353 2654 453 2704 ‘Meret
470 2655 596 2719 pretium,
615 2661 735 2704 meretur
753 2655 878 2719 gratiam.
916 2655 1009 2718 itaque
1028 2652 1096 2703 illud
1115 2650 1262 2717 uectigale‚
1281 2652 1334 2702 hoe

194 2720 353 2772 honoratum
371 2720 433 2773 est’

273 2789 365 2854 Mergi
384 2794 412 2870 et
429 2787 551 2879 mergae]
566 2789 657 2856 Caper
675 2791 708 2840 de
722 2789 813 2840 verbis
833 2790 923 2840 dubiis
942 2806 967 2855 p.
982 2787 1063 2838 ²249:
1084 2790 1251 2855 ‘Mergentes
1264 2803 1333 2836 mer-

195 2871 292 2918 sorum,
310 2870 398 2921 morgi
417 2873 493 2907 aues.

274 2923 383 2975 Nullum
407 2931 436 2975 et
457 2922 606 2989 neminem]
625 2924 649 2974 G
667 2942 694 2990 p.
712 2923 745 2974 79
763 2941 789 2973 n.
814 2925 843 2973 2:
869 2925 975 2974 ‘Nullus
993 2929 1085 2989 potest
1110 2923 1271 2989 ad'aliquid
1294 2939 1336 2973 re-

195 2991 267 3054 ferri,
285 3007 367 3042 nemo
387 2991 422 3041 ad
439 2991 588 3042 hominem:
610 2998 637 3040 et
657 2997 698 3042 est
716 3009 795 3041 nemo
815 2993 892 3056 qtrasi
911 3008 962 3042 nec
982 2991 1080 3041 homo’
1121 2994 1148 3042 Η
1166 3011 1192 3058 p.
1211 2992 1240 3041 8:
1261 2991 1335 3042 ‘Nul-

194 3056 246 3109 lum
264 3059 344 3124 quasi
363 3059 398 3111 sd
416 3060 552 3110 neminem
572 3060 670 3110 referri
687 3061 838 3122 hominem,
859 3076 939 3110 nemo
958 3060 1036 3125 quasi
1054 3075 1106 3109 nec
1125 3059 1223 3110 homo)
1262 3061 1285 3109 R
1308 3077 1334 3125 p.

195 3124 254 3175 312:
274 3127 371 3177 ‘Nemo
389 3127 423 3176 ad
441 3134 586 3191 personam
606 3129 727 3192 pertinet
745 3134 932 3192 praesentem,
952 3134 980 3177 at
999 3126 1089 3176 nullus
1107 3128 1136 3175 in
1154 3133 1269 3191 utroque
1287 3144 1334 3193 ge·

195 3209 273 3255 nere,
294 3193 321 3243 id
341 3200 384 3243 est
406 3193 496 3244 nullus
514 3210 599 3259 equus
617 3195 706 3244 nullus
724 3194 823 3244 homo.’
858 3191 952 3246 1387:
977 3195 1128 3244 ‘Neminem
1148 3195 1181 3243 ad
1198 3195 1335 3246 homiuem

195 3261 350 3323 referimus,
369 3260 472 3311 nullum
491 3263 526 3313 sd
544 3260 655 3312 omnia)
675 3263 696 3311 F
716 3279 741 3327 p.
761 3262 823 3313 358:
854 3263 958 3312 ‘Nullus
978 3267 1019 3311 est
1037 3267 1094 3311 tam
1112 3262 1139 3310 in
1159 3278 1187 3311 rc
1208 3279 1288 3326 quarn
1308 3264 1335 3312 in

195 3344 318 3393 persona.
354 3345 435 3379 nemo
452 3329 480 3378 in
498 3346 617 3394 persona
635 3330 744 3386 dicitnr,
769 3331 795 3378 id
815 3336 857 3379 cat
874 3346 954 3379 nemo
972 3328 1072 3379 homo.'

274 3397 364 3446 Noetu
384 3401 413 3445 et
429 3395 523 3461 nocte]
541 3397 566 3447 G
583 3412 608 3462 p.
628 3396 660 3446 01
680 3413 706 3446 ιι.
726 3397 771 3447 2οι
791 3398 889 3446 ‘Noctu
907 3399 947 3447 sie
965 3397 1081 3446 dicimus
1099 3397 1233 3462 quomodo
1251 3399 1335 3449 inter-

196 3462 247 3523 diu,
266 3471 295 3513 et
312 3463 455 3528 significat
472 3464 593 3528 aliquam
612 3472 717 3529 partem
735 3467 835 3526 noctis,
853 3471 934 3515 nocte
955 3471 1045 3514 autem
1064 3470 1150 3515 totam
1168 3472 1276 3516 noctem
1295 3468 1335 3516 in-

196 3530 362 3595 attigimus)
398 3530 424 3579 H
443 3548 468 3596 p.
491 3529 534 3581 lo:
554 3533 658 3581 ‘Noctu
677 3532 769 3596 aliqua
787 3549 851 3598 pars
870 3530 973 3591 noc'tis,
993 3533 1125 3597 quomodo
1144 3533 1263 3583 interdiu
1281 3535 1335 3599 sig·

196 3596 288 3647 nificat
307 3597 428 3663 aliquam
451 3598 507 3649 diei
529 3604 650 3664 partcm3
678 3608 759 3649 nocto
784 3606 875 3649 antem
900 3606 985 3651 totam
1008 3607 1118 3649 noctem
1136 3600 1335 3666 intelligimus!

196 3664 305 3715 Flavius
323 3665 416 3730 Caper
433 3665 467 3716 de
486 3667 684 3732 orthographia
703 3685 728 3732 p.
747 3668 814 3716 2242
832 3669 867 3716 P:
893 3668 996 3717 ‘Noctu
1017 3667 1148 3732 temporis
1173 3674 1215 3717 est
1239 3670 1336 3718 aduer-

195 3731 278 3847 lbtium‚
308 3738 390 3823 poete
418 3748 517 3784 nomeu
544 3741 599 3784 estz
634 3742 731 3797 noctu,
761 3735 889 3796 dicimus,
918 3736 1048 3796 coenaui;
1078 3735 1131 3784 hac
1159 3742 1240 3785 nocte
1270 3735 1338 3785 nihil

212 3815 309 3850 remus.

277 3981 408 4032 lmuros
431 3975 551 4044 scripsi:
579 3972 720 4031 aedificia
744 3975 775 4030 M
796 3967 808 4051 Η
832 3992 925 4048 opera
946 3974 980 4030 M
997 3966 1010 4053 Η
1031 3973 1107 4031 ιιιιιιί
1131 3973 1336 4031 aedificiorum

102 4094 107 4115 i
197 4058 313 4128 scripsi:
347 4054 489 4113 aedificia
510 4058 544 4113 M
562 4050 575 4138 Η
596 4067 613 4118 4
638 4059 763 4116 alterius
793 4060 929 4114 Bellias:
960 4057 1067 4116 alterio
1089 4060 1124 4115 M
1141 4054 1154 4137 Η
1176 4067 1192 4120 6
1216 4073 1336 4128 mergos

199 4144 313 4213 scripsi:
335 4140 432 4215 mergi
449 4142 482 4199 M
494 4136 508 4223 Η
523 4161 642 4218 mergas
658 4147 779 4214 scripsi:
806 4160 927 4217 mergae
948 4144 982 4200 M
993 4137 1006 4223 Η
1024 4142 1166 4200 differunt
1182 4141 1303 4198 Rathius
1322 4135 1334 4215 Η

198 4221 340 4283 ldiducti
362 4241 443 4296 susp.
464 4228 496 4284 0.
517 4227 639 4291 labina
658 4221 671 4308 Η
691 4237 709 4287 8
731 4227 885 4305 quantitas
906 4229 1044 4285 Rothius:
1071 4223 1250 4305 quantitatis
1274 4222 1307 4276 M
1321 4218 1332 4296 Η

201 4316 232 4368 10
242 4308 331 4367 homo
349 4311 488 4367 Rothiar:
507 4310 658 4369 hominem
670 4312 703 4367 M
715 4305 728 4393 Η
747 4321 774 4371 ll
790 4317 898 4367 noctae
912 4313 944 4368 M
957 4308 970 4392 Η
987 4321 1019 4372 12
1032 4320 1066 4368 ut
1081 4307 1213 4367 interdiu
1228 4307 1338 4361 addidit

198 4393 363 4452 Boadcmus
