2964 5002
507 383 534 421 r.
551 381 726 422 00000000
742 380 980 422 00000001οινο
1245 362 1306 423 483

174 531 296 609 rigendi
323 531 487 590 sedulitate
509 532 670 609 plurimum
696 533 836 591 vitiorum
858 533 1017 591 traxerint.
1061 531 1147 609 Quos
1173 553 1235 591 non
1263 543 1309 591 est

175 631 358 705 mirandum,
375 631 470 690 sicubi
485 633 683 711 apertissimis
699 634 818 692 mendis
832 633 1013 712 quibusdem
1024 647 1116 712 atque
1128 633 1208 692 adeo
1222 655 1306 692 mon·

174 735 243 793 atris
263 734 432 812 scripturae
458 734 525 812 ipsc
551 743 638 793 vetus
659 735 816 793 Parisinus
841 734 885 812 (ut
908 736 1025 794 feretit
1046 736 1078 793 in
1100 735 1158 794 hoc
1178 733 1306 812 genere)

174 835 352 914 inquinatus
376 843 423 894 est
438 843 561 913 practer
581 835 716 905 solitum,
741 836 794 893 tali
817 838 989 916 corruptela
1010 834 1122 895 liberos
1143 837 1307 895 mansisse:

176 955 252 1016 quae
269 957 333 995 non
348 937 474 1015 propria
493 937 589 995 virtus
606 946 652 995 est
667 936 767 1015 potius
784 956 874 1015 quam
894 938 1019 997 fortuita
1034 939 1170 995 vacuitas
1187 939 1307 996 erroris.
1331 1001 1335 1007 ,

174 1037 267 1099 Velut
281 1038 382 1104 inille
398 1037 424 1095 si
440 1046 597 1117 peccatum
614 1048 659 1097 est
674 1042 740 1096 dum
754 1047 783 1105 et
797 1041 913 1096 irritatius
927 1049 954 1096 et
969 1060 1000 1117 p.
1017 1047 1059 1111 27,
1078 1049 1123 1111 10,
1140 1043 1310 1117 simiuistros

174 1146 221 1210 28,
237 1147 268 1211 4,
284 1142 426 1197 comedim
440 1142 580 1213 001030,
606 1150 653 1214 10,
676 1149 707 1198 ct
728 1140 753 1198 si
778 1159 857 1218 quac
878 1141 940 1199 alia
959 1149 1031 1200 sunt
1050 1149 1117 1209 utut
1140 1160 1196 1218 per
1216 1159 1249 1198 se
1264 1141 1309 1197 vi-

175 1239 267 1312 tiosa,
290 1249 323 1298 at
337 1238 511 1298 levidensis
530 1260 605 1318 prae
626 1239 819 1298 multitudine
841 1239 1064 1318 praeclararum
1086 1242 1250 1300 lectionum
1271 1240 1309 1298 ab

176 1340 284 1401 codem
308 1341 419 1399 A'solo
441 1350 638 1401 servatarum.
681 1341 752 1399 Non
774 1351 874 1400 autem
896 1343 994 1421 ipsum
1010 1344 1125 1402 fontem
1141 1353 1309 1401 ceterorum

176 1442 347 1501 Parisinum
363 1461 430 1500 esse
446 1441 612 1500 certissimo
628 1433 818 1519 intellegitur
837 1443 895 1502 lrou
916 1444 1116 1517 documento,
1130 1442 1220 1523 ¹qnod
1241 1442 1325 1520 gra?

176 1544 220 1602 vis
235 1542 346 1602 lacuna
360 1542 428 1615 illa,
452 1563 513 1623 qua
532 1544 564 1601 in
580 1546 604 1600 A
619 1543 727 1602 hausta
748 1551 820 1602 snut
839 1543 934 1603 verba
953 1565 984 1623 p.
1000 1555 1048 1617 08,
1064 1554 1081 1608 9
1096 1565 1164 1624 sqq.
1186 1550 1310 1602 recitare

177 1649 213 1703 uri
222 1653 370 1703 cenantem
389 1663 453 1702 cum
474 1649 597 1703 uenisset
619 1649 723 1704 dicitur
744 1649 854 1703 initium
878 1650 990 1719 quidem
1010 1647 1129 1720 subulae
1149 1651 1226 1721 quod
1246 1656 1310 1703 erut

177 1744 341 1820 contempti,
357 1745 396 1804 ad
413 1755 531 1805 ceteros
547 1766 652 1805 omnes
668 1766 731 1804 non
752 1747 909 1824 pertinuit.
946 1747 996 1806 Ad
1018 1756 1187 1826 temporum
1209 1756 1310 1806 autern

178 1847 316 1907 iniuriam
342 1856 373 1906 et
398 1848 544 1906 incuriam
570 1847 725 1906 hominum
752 1846 834 1927 quod
856 1849 1021 1907 accessisse
1043 1849 1135 1906 etiarn
1155 1849 1310 1907 hominum

178 1949 316 2007 iniuriam
331 1949 515 2025 significavi,
538 1948 602 2006 eius
623 1949 667 2006 rei
686 1958 784 2007 certus
800 1950 886 2007 testis
902 1948 1001 2007 codex
1015 1948 1185 2009 Vrbinas
1202 1958 1310 2022 exstat,

178 2049 504 2128 grammaticialicnius
520 2048 600 2107 lraud
621 2048 737 2108 indocti
759 2050 789 2106 et
805 2068 891 2108 curas
914 2058 946 2109 et
964 2051 1236 2129 interpolationem
1260 2071 1310 2109 ex·

179 2161 292 2230 pertus.
327 2149 420 2211 Vnde
436 2171 500 2209 non
515 2161 562 2209 est
576 2151 682 2208 mirum
708 2149 768 2207 alia
783 2149 816 2208 in
831 2150 890 2208 hoc
910 2150 986 2209 libro
1002 2171 1076 2209 vere
1092 2162 1228 2212 correcta
1243 2171 1311 2211 esse

178 2263 210 2313 ut
230 2274 262 2333 p.
279 2261 327 2325 28,
348 2260 365 2314 6
385 2269 489 2326 opera,
514 2260 561 2325 28,
588 2262 619 2313 10
639 2233 763 2319 initium,
785 2256 834 2323 29,
850 2260 867 2313 9
882 2271 1013 2329 strumum,
1029 2272 1059 2330 p.
1075 2261 1124 2325 30,
1142 2257 1312 2321 101001έο01

179 2358 310 2430 00101001,
325 2360 373 2426 34,
393 2362 431 2416 12·
440 2357 603 2426 0100000100,
620 2363 668 2425 35,
684 2353 858 2425 ssulatim:
872 2353 1006 2431 turpiter»
1018 2351 1142 2410 foedata
1157 2352 1232 2425 alia,
1250 2372 1310 2432 quo

180 2467 300 2535 praeter
315 2464 420 2513 cetera
440 2454 484 2531 (in
499 2455 546 2514 his
562 2453 696 2513 deletum
710 2458 755 2512 dic
771 2452 951 2515 vocabulum
966 2474 996 2532 p.
1011 2462 1058 2524 ⁴29,
1074 2449 1104 2527 s)
1127 2454 1250 2529 gravior
1265 2453 1310 2511 in·

164 2557 342 2647 Ι0000010ῖί0
358 2556 412 2615 illa
432 2557 572 2634 pertinet,
589 2576 649 2634 qua
670 2577 700 2633 p.
717 2565 767 2627 30,
791 2565 808 2617 3
829 2555 925 2614 000110
953 2575 1032 2634 quae
1056 2561 1126 2611 sunt
1145 2557 1310 2626 quibuscum

178 2659 362 2732 familiariter
389 2661 464 2714 sciuit
486 2657 634 2714 iterantur
660 2677 677 2715 e
699 2677 730 2734 p.
751 2663 799 2723 27,
824 2667 850 2718 3.
889 2656 1080 2735 Quamquam
1101 2675 1140 2712 ne
1163 2673 1181 2711 a
1202 2655 1310 2712 ceteris

182 2759 303 2841 quidem
318 2758 401 2817 libris
420 2757 593 2836 corrigendi
614 2757 747 2817 studium
767 2758 902 2816 alienum
926 2747 1020 2816 fisse
1048 2757 1121 2814 talia
1144 2754 1310 2813 ostendunt

181 2862 282 2942 qualia
296 2869 368 2923 sunt
382 2861 414 2920 in
432 2859 611 2921 Vrbinati
621 2857 752 2938 Regin
764 2861 911 2938 ausique
928 2858 1104 2917 eTerentio
1120 2858 1248 2937 petitum
1265 2859 1312 2914 isli

180 2981 209 3041 p-
224 2974 268 3036 30,
284 2974 310 3035 5,
327 2962 378 3021 vel
392 2961 533 3020 indidem
548 2963 694 3020 insertum
710 2970 834 3034 tempore
849 2961 882 3017 in
897 2957 1094 3030 Vrbinati,
1111 2957 1310 3029 Leidensi‚

143 3112 148 3121 .
180 3063 395 3142 Baginensi
417 3084 449 3142 p.
465 3070 507 3134 30,
527 3073 566 3136 11,
591 3063 642 3120 vel
658 3070 782 3139 praeter
797 3060 977 3121 Vrbinatem
992 3069 1042 3117 uut
1064 3060 1097 3117 in
1112 3061 1177 3119 solo
1194 3057 1311 3135 Regi·
1383 3043 1395 3062 ”

181 3167 292 3224 00001
308 3186 339 3245 p.
354 3172 404 3239 26,
424 3175 469 3226 10:
492 3165 545 3223 illa
559 3172 593 3222 ut
612 3183 736 3242 prorsus
751 3171 869 3221 taceam
889 3162 921 3220 in
937 3160 1047 3242 quibus
1063 3179 1167 3218 omnes
1183 3179 1311 3218 consen·

181 3267 258 3334 liunt
273 3275 380 3326 contra
394 3270 426 3325 Α.
744 3343 748 3351 .
795 3266 797 3270 ’

228 3394 234 3402 ·
262 3369 287 3426 Ζ
309 3366 477 3427 editionem
502 3366 673 3447 principem
700 3386 767 3424 eum
788 3365 852 3426 dixi
876 3384 955 3446 quae
976 3364 1118 3423 Romae
1140 3381 1222 3419 anno
1248 3369 1313 3423 1472

181 3469 295 3549 prodiit
309 3468 390 3547 apud
399 3467 580 3528 Conrmbrm
595 3467 803 3546 Sweynlroym
818 3475 849 3526 ct
860 3464 1029 3526 rimoldum
1042 3465 1208 3522 Pannartc.
1235 3463 1313 3520 Nam

181 3569 258 3631 hanc
284 3571 454 3650 principem
481 3589 548 3628 esse
570 3588 696 3647 reapse,
724 3569 893 3626 insecutam
919 3566 1038 3625 demum
1064 3560 1201 3643 proximo
1231 3584 1312 3622 anno

183 3678 248 3736 1473
263 3691 354 3753 quam
375 3672 441 3730 sinc
461 3672 521 3729 loci
545 3671 660 3729 annive
683 3669 842 3728 notatione
858 3667 1043 3728 Vindelinus
1059 3665 1215 3745 Spirensis
1232 3666 1313 3723 foras

185 3771 284 3846 dedit,
307 3772 393 3831 huius
416 3771 536 3830 demum
557 3770 712 3829 traducem
735 3790 801 3829 eum
823 3789 890 3828 0000
912 3787 991 3848 quae
1012 3768 1086 3826 item
1105 3767 1173 3825 sine
1193 3766 1260 3824 loco
1283 3778 1314 3823 et

183 3893 263 3935 suno
280 3874 391 3933 emissa
406 3873 446 3931 ad
460 3873 639 3932 Mentelium
654 3873 948 3950 Argentoratensem
962 3869 1106 3941 refertur,
1130 3886 1193 3925 000
1209 3866 1312 3945 paucis
1358 3931 1361 3937 ,

185 3993 248 4034 sam
261 3975 345 4034 vitiis
360 3975 568 4053 inquinatam,
590 3975 679 4032 certis
700 3973 772 4030 milri
788 3970 973 4048 argumentis
989 3969 1169 4047 Schopenus
1189 3987 1313 4046 persua·

184 4077 230 4138 uit.
265 4077 309 4136 vt
324 4075 446 4136 fallatur
460 4096 525 4136 cum
545 4076 612 4133 aliis
628 4073 849 4151 bibliographis
864 4070 996 4130 Ebertus
1018 4091 1048 4128 0.
1064 4077 1135 4132 6333
1149 4087 1217 4147 sqq.
1255 4068 1314 4126 1110

183 4176 274 4255 igitur
288 4196 361 4236 vere
376 4177 534 4257 prinecps,
558 4197 578 4234 a
598 4195 659 4255 qua
679 4183 782 4232 tamen
805 4193 867 4230 non
891 4171 949 4229 nisi
973 4171 1139 4250 perleviter
1153 4167 1313 4227 Vindelini

185 4279 356 4359 exemplum
376 4277 544 4358 discrepat,
573 4279 646 4359 quin
669 4295 684 4334 0
707 4273 812 4332 codiee
828 4271 1030 4333 Vrbinatis
1052 4269 1202 4328 simillimo
1224 4266 1313 4343 ducta

185 4381 236 4454 sit,
251 4380 391 4458 singulae
407 4381 473 4437 fere
488 4380 621 4458 paginae
637 4383 787 4435 testantur
801 4372 924 4432 societis
940 4373 991 4427 ΕΖ
1004 4371 1085 4428 notis
1101 4367 1222 4426 nostris.

1051 4467 1086 4527 31
1097 4469 1113 4503 *
