2964 5002
584 394 627 438 oe
648 392 959 440 nuaonounuonvu
1009 453 1016 465 ι
1277 378 1335 439 175

199 530 562 633 Martias'permanens
590 543 705 608 diebus
737 543 828 607 XCI.
872 551 979 607 aestas
1009 544 1124 630 incipit
1150 565 1233 608 neno
1260 543 1336 606 Kal.

200 648 327 729 lunias,
359 656 532 733 permanet
561 644 675 710 diebus
700 642 792 708 XCI.
816 652 989 708 autumnus
1018 645 1116 707 sumit
1142 646 1336 731 principium

199 750 231 814 X
253 748 330 814 Kal.
361 747 581 833 Septembris,
613 746 728 811 diebus
763 745 889 811 XCIII.
934 745 1060 829 hiemps
1090 745 1221 811 inchoat
1251 747 1335 811 VIII

199 964 262 1005 tuuc
280 955 414 1006 breuiore
431 953 474 1005 sol
491 951 612 1003 uoluitur
629 951 740 1003 circuio.
776 952 848 1002 uude
871 934 900 1002 et
921 951 974 1001 hoc
997 956 1104 1017 tempus
1122 951 1217 1001 bruma
1235 952 1336 1002 dicitur

198 1025 275 1089 quasi
294 1016 406 1089 βοαιὸς
425 1022 453 1073 id
471 1027 516 1071 est
532 1021 624 1070 breuis
642 1021 686 1070 uel
706 1036 722 1069 a
741 1021 803 1069 cibo
822 1021 892 1084 quod
911 1020 998 1069 msior
1014 1021 1051 1069 sit
1068 1025 1133 1069 tunc
1146 1021 1275 1069 uescendi
1288 1037 1334 1086 ap·

198 1095 313 1158 petitus.
351 1091 479 1140 edacitas
498 1089 570 1138 enim
589 1088 688 1138 Graeci
708 1086 805 1154 βρῶμα
824 1087 988 1152 appellatur,
1006 1088 1079 1137 unde
1092 1088 1277 1138 etbmmatiei
1295 1089 1335 1138 di·

199 1166 298 1210 cuntur
315 1159 417 1225 quibus
435 1157 578 1208 fastidium
596 1161 638 1207 est
656 1157 786 1206 ciborum.
822 1155 951 1205 hibernus
974 1162 1065 1206 autem
1083 1156 1156 1205 iuter
1173 1155 1289 1206 hiemem
1308 1162 1336 1205 et

199 1244 312 1278 nemum
331 1234 375 1277 est
391 1227 472 1291 quasi
486 1225 635 1274 hienernus
659 1224 705 1289 qui
722 1224 880 1289 plerumque
899 1239 916 1272 a
928 1231 1007 1288 parte
1019 1229 1104 1273 totam
1117 1223 1233 1273 hiemem
1251 1226 1335 1289 signi·

198 1297 272 1347 fieat.
297 1295 373 1346 haec
384 1299 511 1359 tempora
523 1292 638 1357 singulis
651 1292 735 1341 etiam
748 1292 818 1341 coeli
831 1292 954 1355 partibus
967 1292 1147 1341 ascribuntur.
1175 1306 1223 1341 uer
1235 1293 1334 1357 quippe

199 1365 298 1414 orienti
317 1362 401 1413 datur
419 1361 484 1427 quia
504 1367 567 1410 tune
587 1376 619 1409 ex
637 1361 718 1409 terris
731 1360 822 1408 omnis
834 1360 970 1419 orinatum
989 1364 1083 1409 aestas
1095 1375 1160 1408 uero
1173 1361 1333 1421 meridiana,

199 1448 229 1481 eo
251 1431 326 1496 quod
348 1446 415 1497 pars
438 1431 499 1479 eins
518 1428 608 1478 calore
632 1428 792 1492 flagrantior
814 1428 863 1487 sit;
888 1427 973 1477 hiems
994 1428 1185 1491 septemtrioui
1209 1444 1241 1477 eo
1264 1429 1335 1494 quod

199 1498 350 1565 frigoribus
368 1505 396 1548 et
413 1503 546 1565 perpetuo
563 1495 627 1562 gelu
645 1500 749 1560 torpct;
769 1501 914 1563 autumnus
931 1495 1044 1545 occiduo
1062 1497 1254 1561 propterquod
1272 1513 1334 1562 gra-

199 1583 244 1617 ues
261 1566 376 1616 morbos
392 1565 494 1625 habet,
514 1563 584 1613 unde
603 1568 631 1612 ct
648 1569 712 1613 tunc
736 1565 827 1613 omnis
845 1563 913 1612 solia
932 1563 1056 1613 arborum
1074 1563 1204 1613 defluunt.
1239 1571 1269 1614 ut
1287 1580 1334 1614 au·

199 1642 309 1685 moruus
327 1633 452 1684 abundet
469 1632 579 1692 morbis,
599 1631 735 1681 tacit-hoe
754 1630 899 1680 confinium
922 1631 1033 1695 frigoris
1051 1636 1079 1680 et
1097 1631 1197 1682 celeris
1215 1638 1245 1681 et
1262 1649 1333 1682 eom-

199 1703 354 1769 pugnantia
372 1703 445 1751 inter
462 1716 492 1750 se
512 1700 706 1750 contrariorum
725 1696 838 1748 aerum!
855 1725 888 1734 -
906 1698 992 1748 Varro
1007 1700 1040 1748 L.
1053 1700 1085 1748 L.
1103 1699 1141 1749 Vl
1159 1697 1188 1749 3:
1208 1701 1334 1766 ‘Tempus

200 1788 257 1821 osae
280 1771 381 1820 dieunt
403 1767 580 1818 iuteruallum
603 1767 813 1817 mundi-motus.
854 1766 881 1816 id
909 1767 1026 1816 diuisum
1049 1767 1077 1816 in
1103 1768 1207 1832 parteis
1231 1768 1334 1833 aliquot

201 1854 325 1889 mame
349 1838 385 1887 ab
408 1836 475 1887 soIIs
500 1841 528 1885 et
549 1834 630 1885 lunae
653 1850 747 1895 eursu3
777 1835 871 1899 itaque
897 1835 931 1883 ah
958 1850 1049 1883 eorum
1070 1840 1164 1885 tenore
1183 1841 1334 1902 temperato

191 1902 306 1972 ‘tempus
323 1905 442 1965 dietum,
461 1903 534 1953 unde
551 1904 729 1968 tempestiua:
755 1908 783 1952 et
804 1917 820 1951 a
838 1907 911 1951 motu
930 1918 1021 1952 eorum
1039 1903 1085 1968 qui
1102 1910 1157 1954 toto
1175 1904 1253 1954 eaelo
1271 1921 1334 1956 eon-

201 1976 320 2033 irnetus‚
340 1969 475 2022 muudus.’
506 1969 536 2021 9:
556 1972 653 2021 ‘Huius
670 1971 800 2035 temporis
813 1969 897 2032 (anni)
908 1985 972 2035 pars
990 1971 1078 2036 prima
1095 1972 1182 2022 hiems
1195 1973 1265 2036 quod
1278 1980 1333 2024 tam

201 2041 276 2093 nolti
288 2042 407 2100 imbrem
417 2039 482 2089 hinc
494 2039 681 2101 hibernacula,
692 2038 848 2099 hibernum
860 2046 966 2103 tempus
977 2039 1124 2089 seeundum
1135 2056 1185 2090 ner
1196 2041 1266 2105 qnod
1277 2048 1333 2092 tum

201 2112 294 2161 uiuere
313 2109 454 2174 incipiunt
471 2106 592 2172 uirgulta
605 2123 638 2156 ae
656 2112 764 2156 uertere
777 2122 807 2156 se
820 2112 926 2171 tempus
945 2107 1023 2167 anui3
1041 2107 1095 2156 nisi
1113 2109 1183 2172 quod
1201 2110 1281 2160 lones
1293 2111 1333 2160 di-

201 2185 263 2228 eunt
285 2164 325 2244 ἦρ
348 2191 407 2226 uer.
441 2176 553 2225 tertium
577 2174 612 2224 ab
635 2180 715 2224 aestu
738 2178 843 2234 aestum
871 2174 936 2224 hiue
964 2176 1109 2236 aestiuum3
1140 2177 1193 2226 nIsi
1221 2178 1292 2227 torte
1317 2195 1334 2228 a

202 2246 306 2297 Graeco
325 2241 480 2295 αἴθεσθαι.
516 2247 803 2307 quartum.autumuus
822 2256 839 2287 s
855 2254 872 2285 s
887 2256 904 2286 s
922 2241 939 2290 .'
980 2243 1087 2293 Plinius
1104 2244 1135 2292 N.
1160 2245 1195 2293 H.
1218 2246 1245 2294 11
1271 2245 1329 2296 105:

201 2315 279 2376 ‘Quis
301 2315 377 2363 enim
401 2317 524 2362 aestates
542 2317 571 2359 et
587 2310 690 2361 hiemes
712 2326 836 2375 quaeque
859 2313 887 2361 iu
910 2311 1076 2377 temporibus
1099 2327 1190 2360 annua
1213 2315 1274 2363 uice
1294 2315 1333 2363 in·

202 2381 373 2448 telleguntur
390 2379 510 2430 siderum
528 2383 602 2428 motu
619 2378 679 2428 fieri
696 2378 820 2429 dubItet?
839 2386 869 2430 ut
887 2380 951 2429 solis
970 2394 1034 2444 crgo
1046 2384 1145 2428 natura
1157 2382 1334 2445 temperando

203 2449 374 2515 intellegitur
389 2444 471 2497 anuo'
485 2462 508 2495 e.
522 2462 547 2511 q.
559 2461 621 2496 s.—
638 2446 794 2496 Macrobius
809 2455 861 2499 sat.
872 2448 924 2496 VII
936 2448 963 2508 5,
976 2446 1022 2495 20:
1043 2446 1113 2495 ‘Ver
1129 2446 1247 2496 calidum
1265 2450 1334 2498 feeit

202 2519 286 2580 (dens)
298 2524 329 2567 et
341 2517 507 2577 humectum,
520 2515 596 2564 sicea
609 2518 652 2564 est
667 2520 760 2564 aestus
773 2520 801 2564 et
812 2516 913 2575 calida,
930 2522 1091 2564 auetmnuus
1107 2515 1198 2564 siccus
1216 2521 1244 2564 et
1256 2516 1332 2580 frigi-

201 2586 259 2647 dus,
271 2585 360 2635 biems
370 2582 485 2633 humida
494 2582 598 2648 pariter
610 2587 638 2631 et
651 2582 752 2647 frigida
764 2582 825 2633 est.'
839 2612 872 2619 -
884 2583 990 2632 Plinius
1002 2583 1028 2631 11
1041 2581 1088 2630 122
1100 2599 1172 2647 sqq.:
1193 2583 1256 2632 ‘Ver
1269 2600 1333 2648 ergo

201 2655 290 2719 aperit
307 2651 508 2717 nauigantibus
525 2651 621 2710 maria,
640 2652 718 2699 cutus
736 2651 764 2699 in
781 2652 915 2716 priucipio
932 2651 1034 2699 farronii
1051 2650 1192 2699 hibernum
1210 2651 1333 2715 moIIIupt

201 2722 307 2771 eaelum
319 2720 377 2770 sole
392 2718 487 2784 aquari
500 2717 574 2767 XXV
584 2719 725 2783 optinente
738 2728 852 2783 partein·
882 2720 905 2768 is
916 2720 975 2767 dies
987 2724 1080 2768 sextus
1090 2719 1255 2768 Februarias
1268 2727 1331 2769 ante

200 2790 269 2839 idus.
296 2789 419 2855 conpetit
431 2788 516 2837 ferme
529 2792 557 2835 et
568 2786 618 2835 hoe
629 2787 752 2836 omnibus
764 2803 829 2852 qum
841 2787 938 2836 deiude
952 2803 1048 2851 plenum
1056 2803 1103 2852 per
1114 2786 1236 2852 singulas
1249 2789 1341 2838 inter.

199 2857 354 2907 colationes
371 2872 425 2905 uno
442 2855 488 2904 die
507 2854 721 2919 anticipantibus
739 2870 882 2920 rursusque
897 2856 980 2904 lustro
997 2857 1123 2919 sequenti
1139 2855 1259 2904 ordinem
1277 2873 1333 2905 ser-

198 2926 340 2976 uantibus.
380 2923 520 2973 Iauouium
538 2922 647 2987 quidam
666 2938 691 2971 a.
716 2923 741 2972 d.
765 2924 839 2973 VlIl.
874 2923 1013 2973 Kalemlas
1036 2924 1129 2972 Martii
1158 2923 1332 2973 chelidonian

198 3000 301 3043 uocant
319 2992 354 3042 ab
373 2990 525 3041 hirundinis
541 2991 611 3053 uisu,
630 2990 753 3040 nonnulli
771 3007 835 3041 noro
853 2991 991 3041 ornithian
1008 3007 1060 3040 uno
1079 2997 1106 3040 et
1124 2991 1198 3040 Lxx
1216 2990 1259 3040 die
1272 2999 1333 3057 post

199 3060 323 3111 brumam
346 3060 382 3109 ab
405 3059 526 3109 aduentu
548 3059 653 3119 auium,
676 3059 788 3108 flantem
810 3077 859 3125 per
881 3061 940 3110 dies
962 3075 1057 3108 nouem
1132 3059 1180 3108 dat
1198 3064 1332 3110 aestatem

200 3138 310 3179 exortus
327 3127 503 3193 uergiliarum
521 3127 549 3175 in
567 3126 678 3176 totidem
696 3127 820 3192 parthus
839 3128 910 3177 tauri
934 3143 981 3176 ser
1000 3127 1094 3176 diebus
1113 3132 1178 3176 aitte
1197 3126 1253 3176 hlai
1272 3129 1332 3178 idus

201 3233 266 3246 .....
286 3202 349 3263 post
371 3211 419 3245 eos
436 3195 550 3255 (Electus
567 3196 665 3256 ocutos)
688 3211 779 3244 rursus
804 3197 889 3245 aristri
913 3196 1069 3258 frequentes
1093 3210 1177 3260 usque
1201 3196 1235 3245 ad
1258 3198 1332 3248 sidus

200 3267 303 3314 arcturi
322 3264 393 3329 ‹piroel
410 3264 530 3313 exoritur
546 3263 671 3313 undecim
690 3263 786 3312 (liebus
805 3270 868 3312 ante
893 3263 1092 3327 aequinoctium
1111 3265 1256 3313 autumni*
1271 3281 1331 3315 eunt

200 3332 249 3382 hoe
269 3348 349 3382 corus
367 3332 473 3396 incipit
504 3347 582 3381 eorus
595 3337 736 3380 autumnat
754 3367 818 3380 .....
839 3340 899 3397 post
911 3332 938 3380 id
952 3331 1152 3396 aequinoctium
1165 3332 1260 3382 diebus
1274 3334 1331 3383 sere

200 3407 328 3465 quattuor
345 3406 374 3449 et
391 3399 571 3464 quadragInta
589 3398 765 3464 trergiliarum
783 3403 897 3449 occasus
909 3399 1025 3448 hiemem
1045 3399 1163 3459 Inchoat,
1183 3401 1251 3464 quod
1265 3407 1331 3451 teur-

200 3484 250 3533 pus
262 3471 290 3517 iu
304 3468 355 3517 111.
380 3468 440 3517 idus
452 3468 610 3516 Nouembris
623 3468 744 3516 incidere
759 3467 917 3517 consueuit!
953 3467 1059 3517 Plinius
1071 3468 1103 3515 N.
1116 3469 1151 3516 H.
1163 3469 1254 3518 XVIII
1268 3470 1330 3519 218:

202 3537 306 3587 ‘timuis
331 3541 421 3585 autem
440 3536 510 3585 ratio
527 3535 673 3585 obseruata
697 3542 739 3584 est
757 3537 842 3585 trihus
860 3536 952 3591 modis.
973 3541 1065 3584 (exortu
1083 3536 1201 3585 sidenem
1219 3554 1331 3588 occasu·

201 3619 253 3668 que
270 3611 301 3653 et
317 3604 436 3668 ipsorum
454 3609 600 3668 temporum
620 3602 795 3652 cardinibus.’
831 3604 881 3652 220
893 3621 963 3669 sqq.:
985 3604 1081 3653 'Cardo
1100 3611 1247 3669 temporum
1266 3622 1330 3671 qua·

202 3671 345 3736 dripertita
364 3671 428 3721 anui
446 3671 618 3720 distInctione
637 3673 745 3720 bonstat
764 3688 812 3736 per
829 3673 998 3722 incrementa
1016 3671 1093 3721 lucis.
1130 3679 1245 3738 augetur
1262 3674 1330 3724 haee

204 3739 332 3788 abmms
351 3745 379 3789 et
398 3744 529 3804 aequatur
546 3739 671 3789 uocthus
690 3756 773 3789 uerno
787 3741 956 3804 aequinoctio
969 3740 1065 3789 diebus
1082 3740 1128 3789 XC
1146 3741 1219 3790 horis
1237 3743 1330 3792 tribus.

203 3806 264 3856 dein
282 3812 395 3873 mrperat
412 3809 500 3856 uoctIs
513 3808 546 3857 ad
559 3807 702 3856 solstitium
721 3808 816 3857 dielnrs
834 3809 939 3858 XCIIII
956 3808 1028 3856 horis
1046 3809 1203 3869 duodecim,
1220 3823 1236 3852 te
1254 3823 1270 3853 a
1289 3827 1331 3859 ris-

164 3932 186 3977 ι
203 3876 824 3993 ttm't‘t‘tutti‘illattlttnttttt
837 3877 1029 3994 “illittt
1042 3878 1331 3996 tittltttditl

206 4010 431 4075 aequinoctiales,
455 4026 507 4060 nou
526 4012 717 4076 cuiuscumque
741 4012 795 4061 diei
813 4012 1003 4077 significantur
1020 4029 1165 4076 otriuesque
1185 4030 1234 4063 eae
1254 4014 1329 4062 dille-

207 4081 306 4129 rentiae
325 4080 392 4129 finnt
411 4080 439 4128 iu
457 4081 560 4129 ‹tetauiss
579 4080 701 4145 partibus
720 4080 868 4143 signorum,
889 4081 983 4130 bruma
1002 4082 1155 4147 capricorni
1175 4098 1200 4130 a.
1220 4083 1245 4130 d.
1266 4083 1330 4130 l'lll

208 4146 341 4199 Kalendas
360 4148 470 4197 lanbar.
499 4149 569 4210 iere,
596 4148 796 4212 aequinoctium
814 4165 926 4198 uernum
946 4150 1040 4199 arietis
1059 4149 1202 4198 solstitium
1227 4150 1330 4212 caneri,

209 4265 291 4276 ··--.
299 4272 315 4277 ..
320 4271 393 4277 --.

287 4352 294 4401 Ι
317 4337 427 4397 diebus
443 4339 496 4393 AB
509 4331 522 4418 Η
539 4337 616 4396 VIII
641 4333 676 4393 B'
700 4337 793 4396 VIIII
811 4333 876 4418 13²1}
892 4349 908 4399 2
923 4346 1078 4416 perueniret
1095 4357 1146 4393 oni.
1176 4334 1228 4417 ΒΗ
1242 4334 1291 4395 die.
1308 4343 1331 4397 A

217 4416 275 4489 led
290 4432 313 4482 A
327 4421 340 4507 ΙΙ
358 4421 454 4482 XCII
472 4425 498 4479 B
512 4424 586 4482 XCI
604 4427 627 4480 A
642 4419 655 4504 ΙΙ
670 4422 764 4481 hiens
783 4424 806 4483 Α
824 4420 837 4506 h
853 4427 977 4503 inquoat
992 4420 1055 4480 Ale
1073 4418 1087 4502 Η
1104 4423 1162 4481 VII
1181 4430 1204 4481 A
