2964 5002
669 373 771 414 carru
798 374 820 413 rt
1248 357 1309 420 499

169 524 246 585 adeo
265 544 322 584 nos
348 523 388 584 do
409 523 487 582 libro
509 524 654 583 Varronis
677 524 758 582 unde
778 526 853 582 hacc
876 525 1054 603 deprompta
1079 528 1138 584 sint
1165 530 1309 587 cci-tiores

168 624 253 698 facit,
271 646 339 685 cnm
355 626 385 684 V
402 636 430 687 11
451 626 662 704 prognostica,
677 628 757 706 quod
775 637 821 685 ost
837 627 936 684 adfine
948 635 1171 701 argumentum,
1188 629 1309 687 tradere

167 750 200 788 se
215 728 298 788 dicat
320 747 358 787 ex
381 726 529 786 Varronis
550 727 581 783 in
602 726 688 785 libris
708 727 869 786 navalibus
893 726 1055 786 sententia.
1093 730 1198 807 itaque
1218 730 1308 788 etiarn

167 830 360 904 Suetonium,
392 848 484 907 quem
508 828 618 886 Isidori
646 828 761 886 iontem
794 847 862 886 csse
892 827 1009 886 duobus
1034 827 1095 888 illis
1124 835 1309 907 argumentis

165 931 324 991 Beckerus
346 941 453 1009 aperte
475 929 582 998 evicit,
609 949 674 986 cum
692 928 829 986 Varrone
850 929 980 1002 fecisse,'
995 930 1077 1008 quod
1098 932 1220 989 eosdem
1237 930 1310 989 duo·

166 1033 266 1092 decim
279 1041 391 1092 ventos
416 1032 569 1107 agnoscit,
596 1049 651 1109 pro
672 1030 830 1106 explorato
853 1030 1025 1089 habendum
1047 1040 1102 1089 ost.
1136 1030 1189 1089 sed
1208 1040 1309 1090 tamen

166 1134 298 1193 cundem
313 1154 376 1193 non
390 1134 508 1192 iurasse
518 1131 549 1189 in
561 1131 657 1191 verba
670 1132 815 1202 auctoris,
839 1132 882 1191 cis
899 1151 978 1212 quae
993 1133 1042 1190 hic
1060 1143 1090 1191 ct
1106 1133 1169 1190 illic
1184 1134 1311 1191 novavit

165 1236 259 1296 iucilo
275 1235 432 1295 docemur.

250 1335 382 1396 Duobus
395 1335 487 1412 igitur
504 1335 581 1393 locis
591 1333 741 1393 Isidorum
756 1356 774 1393 a
791 1335 936 1394 Suetonio
948 1336 1131 1414 pendentem
1148 1356 1221 1394 casu
1235 1335 1309 1394 miro

166 1438 325 1498 Beckerus
354 1435 565 1516 deprehendit.
607 1455 668 1513 qua
688 1455 722 1493 re
743 1437 806 1493 iure
828 1437 913 1495 nisus
943 1447 1005 1511 ost,
1034 1447 1067 1495 ut
1094 1456 1198 1495 omnes
1225 1437 1309 1495 locos

166 1540 327 1600 doctrinae
340 1539 465 1618 plenos,
483 1556 611 1616 quorum
624 1536 702 1595 alios
715 1546 854 1596 auctores
870 1537 1077 1598 demonstrare
1088 1559 1149 1598 non
1161 1541 1310 1618 possimus

167 1676 206 1685 -
226 1640 461 1718 diligentissime
486 1648 587 1697 autem
602 1630 759 1695 Beckerus
782 1626 884 1698 c‘ctora
902 1639 1013 1699 Isidori
1033 1639 1168 1700 subsidia
1183 1642 1309 1719 indaga·

167 1743 265 1801 vit-
281 1740 464 1820 Tranquillo
483 1738 606 1798 tribuat¹
636 1738 691 1798 sed
706 1760 785 1818 quac
806 1750 852 1800 est
868 1744 933 1800 cius
950 1742 1112 1819 prudentia
1128 1763 1180 1801 cos
1195 1753 1310 1802 tantum

168 1853 342 1914 enumerat,
362 1861 488 1921 quorum
504 1842 589 1918 origo
604 1840 792 1899 Suetoniuna
806 1842 909 1921 aliqua
932 1845 1049 1901 ratione
1067 1847 1165 1922 possit
1178 1844 1310 1923 probari.
1397 1855 1404 1862 ‘

168 1948 212 2006 sic
229 1965 260 2025 p.
278 1944 362 2004 XXI
373 1963 417 2023 sq.
438 1942 564 2000 alteram
585 1943 692 2019 capitis
710 1924 797 2019 primi
817 1944 1042 2022 paragraphum
1066 1944 1104 2003 do
1128 1946 1221 2005 initiis
1239 1945 1310 2018 diei,

167 2045 281 2106 deinde
294 2045 423 2103 alterum
442 2043 480 2101 de
497 2052 587 2101 nocte
603 2050 709 2122 caput,
728 2044 902 2105 dubitanter
921 2046 1040 2104 tertium
1056 2046 1094 2104 de
1111 2046 1311 2122 hebdomada,

169 2155 252 2208 nerto
265 2144 379 2205 indicio
392 2164 464 2203 usus
477 2152 616 2223 qrrartum
634 2144 671 2203 de
688 2146 857 2218 mensibus,
871 2157 1024 2225 postremo
1038 2158 1155 2207 sexttun
1173 2150 1211 2207 de
1232 2170 1310 2207 anno

169 2249 318 2310 Suetonio
328 2245 507 2306 vindicavit.
529 2245 608 2325 quod
624 2256 657 2304 ut
667 2247 784 2305 faceret
795 2249 927 2306 marimo
938 2250 1033 2305 movit
1045 2268 1123 2320 eum,
1136 2251 1216 2328 quod
1230 2252 1311 2309 simi-

168 2350 211 2409 lis
221 2349 279 2410 sod
294 2368 355 2408 non
367 2346 611 2427 prorsus'eadem
622 2349 791 2406 Varronem
808 2347 845 2406 de
858 2347 904 2404 his
914 2347 1004 2406 robus
1017 2350 1175 2427 scripsisse
1188 2354 1309 2415 scimus.

169 2450 219 2510 cui
238 2449 354 2509 indicio
375 2448 504 2507 alterum
524 2448 688 2507 infeliciter
713 2449 883 2527 copulavit,
911 2449 1060 2508 interdum
1083 2469 1207 2527 prorsus
1231 2472 1312 2511 nova

169 2551 209 2611 de
224 2551 273 2611 his
289 2550 440 2609 Isidorum
457 2544 545 2621 dare,
562 2550 656 2608 veluti
673 2569 753 2629 quae
774 2549 811 2608 de
828 2549 924 2627 Cinge
942 2549 1122 2610 Sabinorum
1138 2571 1210 2627 rcgc
1228 2552 1311 2611 dicat

171 2654 293 2730 (fragm.
312 2650 388 2715 118*
405 2672 436 2730 p.
455 2660 518 2722 too,
533 2651 572 2727 2).
603 2651 657 2709 scd
675 2653 785 2729 ipsein
803 2632 999 2710 adnotatione
1015 2653 1120 2710 critica
1131 2654 1187 2711 lroc
1201 2674 1310 2713 nomen

173 2763 344 2832 corruptum
358 2752 466 2810 merito
482 2751 592 2826 habet,
609 2753 739 2812 Sancum
750 2754 846 2813 intere
859 2753 947 2811 docte
960 2755 1140 2831 srrspicatus.
1171 2757 1311 2838 equidem

173 2858 236 2915 lere
252 2853 391 2913 adducor
407 2863 440 2912 ut
466 2854 586 2913 credatu
613 2853 778 2927 Isidorum,
808 2876 898 2936 qucm
920 2856 1220 2932 neglegentissirnum
1243 2858 1310 2918 bre·

173 2956 319 3015 uiatorem
341 2955 437 3013 fuisse
456 2964 564 3032 postea
586 2957 665 3032 aptis
689 2959 837 3035 exernplis
858 2959 1031 3029 ostendam,
1057 2960 1144 3018 Cinci
1166 2964 1312 3020 iustorum

173 3059 344 3137 scriptoris,
372 3075 462 3134 quem
483 3076 501 3115 a
523 3056 653 3116 librariis
672 3038 808 3117 Macrobi
831 3060 971 3136 Cingium
991 3061 1139 3139 adpellari
1161 3063 1312 3137 uidemus,

171 3159 488 3218 commemorationem
499 3177 518 3216 a
531 3159 676 3217 Suetonio
689 3159 826 3217 hocloco
839 3160 980 3220 iniectam
997 3173 1026 3238 ⁰i
1037 3164 1150 3221 veteris
1163 3164 1244 3224 illius
1256 3166 1311 3225 Sa·

172 3257 309 3318 binorum
316 3259 399 3335 regis
406 3278 515 3318 nomen
526 3260 711 3318 confudisse.
725 3261 877 3322 infelicius
885 3264 1139 3323 etiamBeclrorus
1150 3268 1257 3326 eodem
1266 3289 1312 3328 ar·

174 3368 314 3436 gumento
320 3379 395 3418 usus
407 3368 464 3433 est,
474 3370 508 3419 ut
519 3381 663 3419 annorum
674 3363 822 3421 naturalis
833 3376 862 3423 et
875 3368 976 3441 magni
989 3367 1180 3427 ‹letinitiones
1192 3368 1311 3447 (fragm,

175 3459 250 3523 121*
267 3480 298 3539 p.
318 3469 384 3533 170,
404 3462 516 3542 3sqq.)
541 3464 743 3523 Suetouianas
761 3484 828 3524 esse
850 3466 1084 3541 demonstraret,
1103 3470 1182 3528 hanc
1203 3473 1312 3550 capitis

175 3563 251 3621 sexti
261 3571 381 3640 partem
393 3561 552 3622 itanovam
561 3584 628 3624 esse
636 3565 741 3624 dicens
754 3576 786 3623 ut
795 3567 912 3625 Grialio
924 3570 1126 3648 suspicionem
1133 3575 1271 3633 moverit.
1283 3583 1314 3632 at

174 3674 254 3721 recte
267 3664 383 3742 optimo
395 3663 465 3721 huic
476 3665 541 3722 viro
553 3665 592 3723 de
605 3666 714 3724 mendo
727 3668 868 3731 suboluit.
883 3689 991 3748 nempe
999 3671 1133 3731 Isidorus
1143 3695 1253 3734 annum
1261 3696 1312 3734 na·

175 3764 302 3825 ruralem
315 3764 388 3823 solis
401 3766 538 3845 eclipsim
548 3787 615 3826 csso
628 3767 807 3841 alucinator,
821 3790 930 3828 annum
944 3775 1017 3830 ircro
1027 3793 1178 3851 magnum,
1191 3779 1312 3858 quando

175 3875 206 3923 nt
221 3867 318 3945 ipsius
335 3865 437 3925 verbis
462 3877 529 3924 utar
551 3871 651 3927 ornnia
673 3871 774 3930 sidera
801 3875 892 3930 cortis
913 3875 1098 3952 temporibus
1119 3882 1313 3960 numerisque

176 3967 323 4045 conpletis
335 3965 375 4025 ad
387 3987 473 4026 suum
485 3969 583 4028 locum
593 3972 646 4028 uel
661 3973 797 4032 ordinem
811 3983 1014 4048 revertuntur,
1027 3981 1113 4056 quasi
1125 3980 1175 4038 hic
1187 4001 1313 4056 magnus

176 4067 306 4128 dictonis
323 4088 420 4127 annus
437 4079 534 4144 osset,
556 4072 683 4132 ridicule
700 4074 947 4134 undevicensimo
970 4098 1048 4135 anno
1073 4080 1239 4139 secundum
1261 4101 1313 4138 au-

175 4169 273 4248 tiquos
288 4168 370 4227 finiri
389 4171 535 4248 perhibet.
568 4174 599 4231 in
620 4173 729 4251 quibus
749 4195 896 4252 perversa
921 4182 1104 4258 excerpendi
1127 4183 1243 4239 ratione
1259 4182 1313 4240 lsi·

174 4267 263 4329 dorus
290 4266 458 4338 verissimis
480 4270 606 4330 Suetoni
625 4276 830 4335 notationibus
852 4280 1015 4340 talsissirna
1042 4283 1202 4341 inmiscuit.
1244 4302 1314 4340 nam

174 4369 339 4431 intercedit
353 4390 426 4430 sanc
440 4373 544 4451 aliqua
559 4377 634 4433 ratio
650 4375 728 4434 inter
745 4397 841 4436 annos
858 4382 1012 4440 naturales
1028 4393 1059 4441 et
1076 4384 1149 4441 solis
1165 4381 1313 4460 eclipsim,
