2964 5002
446 385 474 424 r.
490 382 668 424 arrseuenu
684 382 923 424 connsurfflvs
1187 364 1245 426 tot

120 534 261 609 tandum,
289 554 329 593 ne
356 554 437 605 nnnc
463 533 585 613 quidem
611 533 703 593 valde
730 534 919 612 displicitura
943 535 1004 593 sint
1025 555 1044 592 a
1064 534 1152 592 nobis
1179 536 1250 594 olim

121 635 335 698 conunendata
349 637 577 714 supplementa,
596 656 674 715 quae
692 656 758 694 esso
774 637 848 694 talia
863 635 1057 695 volebamus:
1080 637 1155 693 litim
1170 654 1200 693 se
1216 641 1251 694 ab

121 742 166 796 tis
178 738 276 796 amori
294 742 386 795 credit
400 741 433 795 db
453 742 552 812 florem
576 738 679 796 aetatis
699 754 784 808 suae,
806 732 819 818 ΙΙ
839 739 914 795 litim
936 734 976 817 [se
993 756 1090 796 eorttm
1107 741 1185 796 redis
1203 756 1251 813 oe-

120 837 176 921 stit]
193 839 297 899 erebro
316 844 346 897 ia
364 842 502 898 Albanum
517 843 598 912 rapi,
621 835 634 920 Η
654 840 721 897 Suis
735 843 853 897 sublatis
874 840 960 907 retnis
975 845 1015 898 ad
1033 858 1171 898 summam
1190 842 1251 900 iao·

117 946 194 1017 picra
215 941 352 1000 reda'ctus
370 950 421 1000 est.
465 942 579 1001 Verum
600 950 702 1000 tamen
724 943 757 1000 in
777 942 834 1001 hae
848 962 990 1002 versuum
1010 943 1251 1002 conformatione

121 1054 152 1104 ut
175 1042 270 1104 hodio
296 1063 360 1102 non
386 1044 626 1122 aequiescamus,
654 1065 717 1103 non
745 1045 830 1103 leves
854 1045 989 1104 rationes
1019 1053 1141 1124 praesto
1171 1053 1250 1104 sunt.
1356 1042 1361 1049 ’

121 1146 255 1224 Quarum
270 1145 449 1223 gravissima
464 1145 540 1203 haec
556 1153 616 1216 est,
640 1145 723 1224 quod
740 1154 771 1204 et
785 1145 892 1204 mirum
915 1147 947 1204 in
962 1147 1084 1205 modum
1104 1148 1253 1224 languent

123 1266 200 1327 quse
215 1247 329 1326 scripta
343 1256 415 1307 sunt
428 1251 494 1305 elam
509 1264 539 1305 se
554 1251 589 1305 ab
604 1249 649 1304 bis
663 1251 758 1304 umori
771 1238 875 1305 credi
883 1256 906 1313 t,
927 1248 1010 1327 quod
1025 1249 1132 1307 saltem
1146 1253 1252 1324 ylorio·

122 1358 169 1407 tur
186 1347 350 1408 dicendum
366 1360 430 1408 erat
444 1350 496 1407 vel
511 1349 664 1421 similitor,
688 1356 718 1407 et
734 1348 841 1407 euclem
862 1351 971 1408 amoris
987 1349 1144 1410 notionem
1158 1350 1251 1409 multe

123 1451 282 1510 certiorem
297 1459 389 1530 atque
405 1452 589 1529 apertiorem
609 1447 758 1530 produnt,
782 1470 871 1530 quam
893 1440 972 1530 quae
992 1452 1025 1509 in
1046 1438 1215 1530 praemissa
1234 1471 1252 1510 a

123 1550 269 1611 Suetonio
287 1551 381 1611 verba
396 1551 526 1631 quadret
542 1551 650 1633 quibus
672 1553 698 1610 is
713 1555 848 1611 Porcium
868 1557 1109 1626 suspitionem
1131 1558 1166 1611 dc
1186 1572 1252 1612 coa-

122 1657 270 1711 reaudire
285 1655 387 1727 facere
403 1654 602 1731 significabat.
646 1655 738 1715 Vnde
753 1656 786 1714 fit
801 1665 834 1716 ut
848 1656 901 1715 illa
915 1656 983 1734 ipsa
997 1654 1093 1713 verba
1108 1657 1139 1714 in
1155 1655 1253 1734 suspi-

123 1755 237 1814 tionem
261 1755 420 1814 incurrant
441 1775 499 1814 nec
520 1755 560 1813 de
580 1757 691 1815 lacuna
712 1759 923 1837 potiusquam
950 1756 989 1815 de
1014 1757 1253 1835 interpolatione

124 1852 318 1935 cogitandum
339 1857 488 1916 videatur.
532 1858 611 1916 Nam
630 1870 678 1931 ut,
706 1880 765 1939 quo
786 1860 888 1918 Porcii
913 1858 1056 1917 versiculi
1078 1866 1254 1938 spectarent

124 1977 273 2037 quamque
295 1959 432 2017 similla
454 1952 643 2037 potissimum
664 1961 814 2020 haberent
833 1981 912 2042 quae
938 1969 1008 2019 stunt
1033 1965 1202 2020 adpotum
1223 1979 1255 2019 se

124 2063 249 2118 cenitare
270 2070 298 2118 et
313 2061 438 2118 Laelium
457 2064 611 2134 psilotrum
623 2070 726 2135 putot,
755 2062 928 2137 doceretur,
956 2072 1004 2122 sat
1026 2065 1164 2141 profecto
1186 2083 1255 2144 pro·

125 2161 201 2221 clive
218 2170 284 2220 eret
299 2161 429 2221 adscribi
451 2162 489 2222 ab
510 2165 693 2240 interprete,
716 2184 794 2242 qnae
816 2173 887 2242 post
907 2165 939 2222 in
960 2164 1055 2223 verba
1076 2174 1188 2245 poetae
1208 2167 1255 2224 in·

124 2272 300 2342 repserunt,
316 2281 347 2322 se
361 2268 456 2322 amari
468 2267 503 2322 ab
517 2267 562 2322 tais
576 2269 676 2322 credit.
713 2265 782 2323 Huc
798 2273 898 2323 autem
920 2260 1040 2324 accedit
1063 2267 1145 2345 qued
1168 2287 1186 2327 a
1207 2288 1255 2326 ce-

124 2375 255 2440 terorum
275 2365 412 2425 codicum
433 2367 578 2425 memoria
603 2387 667 2425 non
687 2366 797 2425 leviter
817 2366 931 2424 veteris
946 2366 1080 2425 Parisini
1099 2367 1177 2426 fides
1194 2366 1256 2428 dis·

126 2476 243 2547 crepat:
270 2469 303 2526 in
324 2489 399 2575 ‘w‘
426 2478 548 2547 praeter
570 2473 669 2527 crerlot
690 2489 746 2548 pro
767 2472 859 2527 credit
880 2469 1025 2547 positum,
1053 2469 1193 2547 proxima
1222 2471 1255 2529 in

125 2568 204 2629 hunc
227 2568 350 2629 modum
375 2572 490 2649 scripta
510 2579 598 2629 sunt:
624 2575 726 2650 crebro
748 2575 778 2629 ia
800 2575 934 2629 albanum
958 2573 1075 2642 rapitur
1100 2574 1133 2628 ob
1154 2574 1256 2645 starem
1343 2615 1346 2623 .

126 2676 227 2730 aetatis
246 2689 317 2730 sune
336 2683 401 2746 post
421 2676 539 2730 trebiatis
558 2677 643 2731 rebus
664 2694 689 2736 e.
708 2695 737 2753 q.
754 2694 777 2732 s.
814 2674 913 2751 Ergo,
941 2692 980 2731 no
1002 2692 1101 2730 moras
1125 2682 1254 2748 nectam,

126 2779 224 2833 adnm
239 2775 388 2854 particula
402 2775 555 2853 incipiens
578 2785 717 2854 quartum
740 2776 928 2834 enuntiatum
954 2773 1152 2853 sequebatur,
1177 2775 1255 2834 inte·

126 2896 210 2955 grum
224 2874 257 2935 id
272 2876 479 2954 septenarium
494 2896 631 2955 aequans
648 2897 778 2957 cumque
792 2897 854 2935 una
868 2880 969 2934 crebro
980 2896 1056 2934 voce
1071 2877 1257 2955 transposita

125 2986 187 3038 tam
200 2978 383 3036 concinnum
399 2997 488 3057 quam
504 2978 585 3057 quod
602 2979 747 3037 maxime:
768 2981 842 3036 Drino
859 2983 887 3036 ia
906 2982 1044 3037 Albanum
1061 2980 1162 3035 crebro
1178 2982 1257 3052 rapi-

126 3088 173 3138 tur
189 3083 223 3138 db
239 3084 339 3153 florem
354 3080 457 3137 aetatis
470 3097 553 3149 strae,
570 3082 601 3139 in
618 3080 810 3161 quadruplici
826 3091 925 3140 autem
941 3081 1057 3159 protasi
1073 3081 1256 3140 constructio

127 3185 225 3242 omnis
246 3180 381 3241 substitit
400 3201 458 3240 nec
473 3183 596 3240 omnino
613 3182 652 3240 acl
669 3183 889 3262 quintuplicem
911 3202 1073 3261 progressa
1089 3191 1144 3241 est.
1160 3215 1201 3223 —
1216 3184 1259 3242 At

127 3303 199 3343 vere
222 3284 367 3363 protasim
392 3286 459 3341 dum
480 3285 696 3343 coniunctione
718 3284 829 3343 factam
846 3284 919 3365 qnid
936 3303 1003 3343 csso
1025 3284 1158 3343 dicamus
1175 3283 1257 3364 quod

127 3386 158 3444 in
174 3385 304 3464 spodosi
315 3393 384 3458 post
398 3387 548 3464 particula
563 3386 699 3465 excipit?
722 3386 753 3446 id
774 3386 857 3466 quod
882 3405 970 3444 nemo
988 3406 1050 3443 non
1073 3386 1159 3445 videt
1174 3407 1258 3465 pror-

127 3508 176 3547 sus
191 3486 315 3546 destitui
331 3487 459 3545 ratione.
505 3489 599 3546 Porro
617 3497 717 3547 autern
733 3509 807 3568 quas
822 3487 946 3547 tandem
962 3505 1009 3545 res
1024 3489 1152 3545 sublatas
1166 3488 1257 3546 inter·

27 3662 35 3676 ι
128 3588 303 3670 pretabere,
320 3589 386 3647 sive
402 3609 467 3648 cum
482 3589 593 3648 Wolfio
610 3594 722 3648 ablatas
736 3588 948 3649 substituens?
985 3590 1069 3667 Quos
1093 3591 1174 3649 enim
1191 3610 1259 3649 esse

128 3691 297 3771 putabimus
314 3691 366 3769 qui
385 3711 434 3750 res
450 3691 602 3770 quaslibet
616 3693 764 3765 Terentio
785 3692 836 3750 vel
857 3690 1033 3750 sustulerint
1053 3692 1104 3749 vel
1127 3691 1258 3751 abstule·
1351 3753 1352 3757 ,

128 3793 208 3853 rint?
229 3803 263 3852 ut
284 3808 332 3849 res
347 3812 415 3851 esse
430 3792 512 3851 bona
533 3813 677 3872 possessa
698 3814 716 3852 a
736 3801 830 3872 poeta
849 3794 1022 3870 largiamur.
1066 3794 1119 3856 An
1141 3794 1259 3879 Scipio-

129 3913 211 3968 nem,
234 3895 372 3966 Furium,
394 3894 553 3953 Laelium?
589 3897 741 3954 Perverse
765 3896 841 3953 haec
865 3903 936 3954 sunt
957 3896 1058 3954 omnia
1079 3905 1131 3954 aut
1152 3895 1259 3955 abhor-

128 3997 226 4055 rentia
241 4016 260 4054 a
274 3995 442 4055 latinitate:
457 4016 563 4055 sanum
580 3998 672 4069 nihil,
695 3995 840 4076 quamdiu
855 3995 978 4075 quidem
993 3998 1026 4055 in
1041 3998 1099 4055 hac
1119 3997 1170 4055 via
1190 4016 1259 4076 pcr-

129 4098 271 4170 sistimus,
293 4097 354 4155 nisi
369 4104 448 4155 utre
463 4098 579 4174 potius,
605 4119 666 4156 non
689 4094 787 4164 r'eous,
810 4097 840 4155 h.
858 4116 885 4155 e.
901 4117 935 4155 ro
950 4097 1093 4157 familiari
1109 4094 1267 4175 ‘perdita'

130 4198 178 4257 vel
194 4195 417 4277 ‘pessumdata'
435 4197 595 4273 diceretur.
639 4200 767 4258 Prorsus
784 4198 936 4257 diversam
951 4200 1108 4257 notionem
1131 4197 1258 4274 pluralis

130 4317 270 4359 numerus
285 4299 416 4377 flagitat,
439 4320 519 4379 quae
539 4301 592 4357 vix
614 4300 674 4357 alia
690 4318 757 4358 esse
778 4300 877 4377 potuit
898 4300 957 4358 nisi
977 4308 1024 4370 ut,
1052 4299 1103 4377 qui
1125 4298 1260 4357 alienam

130 4400 255 4477 gretiam
270 4398 409 4479 cupidius
425 4409 592 4461 sectaretur
606 4399 804 4479 luxuriaeque
820 4399 920 4458 studia
935 4419 1001 4457 cum
1016 4396 1170 4457 nobilibus
1189 4417 1258 4479 par·
