2964 5002
164 349 225 411 5⁴22
528 421 529 424 Ἴ
580 371 613 412 m
627 371 726 412 vrnsa
742 370 890 412 nunnunrr

165 523 242 582 citer
259 521 327 581 Tib.
343 531 388 594 72,
405 527 451 580 uite
467 525 650 580 Praenestino
669 522 701 580 in
715 501 780 580 rita
795 521 903 594 Attae,
918 521 969 579 rel
983 521 1105 581 inverso
1120 523 1230 583 ordine
1245 527 1296 583 Au·

165 629 233 682 celio
253 630 299 683 uio
316 624 405 686 Galb.
422 634 474 698 20,
496 625 609 682 Sutorio
624 629 671 682 uio
688 625 782 704 Vesp.
804 635 849 696 η,
869 626 967 682 latmo
982 630 1028 682 uia
1044 625 1132 685 Dom.
1153 633 1200 688 17:
1223 646 1303 705 quae

165 725 307 805 exempla
328 746 423 806 prope
441 727 541 785 omnia
561 725 701 805 adposuit
715 727 853 795 Rothius.
892 726 1086 806 Quamquam
1104 731 1234 786 insuere
1257 734 1304 786 roo

164 827 244 887 idem
260 827 424 888 Suetonius
441 828 485 887 bis
503 828 531 887 d.
548 829 605 886 Iul.
621 837 656 891 46
675 837 705 888 et
719 838 764 890 80.
801 829 878 888 Item
892 833 919 886 in
935 832 981 887 uio
994 804 1166 888 leur-cailan
1181 830 1304 890 Gellius

165 942 204 1002 x,
220 939 255 1003 2,
274 932 299 990 si
314 931 434 1009 integra
448 931 607 1010 scriptura.

249 1035 323 1110 Peg.
339 1033 388 1107 33,
404 1033 423 1094 6
439 1037 477 1092 od
490 1034 591 1091 Martis
606 1037 701 1092 uillam
717 1032 795 1092 libri.
824 1033 854 1092 N
857 1052 892 1092 ee
910 1033 1006 1093 fuisse
1022 1031 1117 1092 ullam
1132 1034 1187 1092 vie
1201 1034 1305 1115 Appio

165 1140 259 1194 uillam
278 1136 385 1194 Martis
400 1155 459 1195 neo
475 1135 602 1212 cogitari
617 1132 708 1214 'posse
723 1135 902 1214 Sehopenus
917 1134 1013 1210 vidit,
1028 1140 1123 1194 uillam
1137 1135 1304 1215 probabili·

164 1247 212 1296 ter
226 1237 380 1297 coniciens
397 1237 601 1318 explicandae
613 1240 735 1296 hortulos
747 1238 816 1297 voci
829 1236 1015 1316 adscriptum
1026 1258 1104 1297 esse.
1128 1236 1226 1298 Cuius
1238 1241 1305 1318 ipss

165 1340 261 1400 verba
277 1340 373 1399 habes
392 1341 423 1399 in
438 1325 634 1399 Fleckeiseni
652 1339 781 1417 praefat.
804 1361 834 1419 p.
853 1351 915 1399 Vll.
954 1339 1023 1417 Quo
1045 1341 1144 1417 magis
1160 1341 1305 1401 miramur

165 1463 270 1502 rursus
293 1451 452 1521 patronum
472 1443 559 1502 illisi
581 1440 627 1500 dis
648 1441 751 1521 placet
770 1442 864 1501 villae
880 1441 1024 1500 Rothium
1040 1463 1070 1521 p.
1090 1451 1139 1506 186
1153 1444 1304 1516 extitisse,
1323 1429 1332 1452 ⁹

166 1544 303 1604 Suetonii
318 1546 490 1605 testimonio
506 1565 593 1604 usum
608 1542 691 1624 quod
710 1543 800 1604 estin
816 1544 880 1602 vita
893 1543 1012 1603 Tiberii
1027 1563 1094 1624 esp.
1109 1553 1160 1608 65:
1183 1563 1242 1621 per
1255 1566 1304 1605 no-

165 1664 226 1704 uem
247 1653 393 1721 proximos
413 1664 520 1705 menses
540 1666 594 1705 noa
614 1664 743 1721 egressus
761 1656 803 1704 est
825 1650 891 1705 mlle
911 1664 983 1722 quoe
1002 1648 1120 1708 roceto
1133 1650 1219 1707 lorus.
1265 1649 1306 1708 Iit

166 1758 267 1807 tomen
291 1750 412 1807 conlato
426 1749 536 1806 Tacito
558 1747 669 1806 Annal.
692 1759 743 1821 lv,
765 1757 798 1811 67
820 1747 938 1827 pridem
958 1748 1149 1808 intellectum
1173 1761 1222 1810 est
1244 1772 1305 1811 non

167 1849 256 1909 aliem
274 1851 360 1910 huius
380 1851 509 1909 nominis
524 1850 673 1909 rationem
692 1869 761 1909 esse
778 1850 835 1910 nisi
852 1850 933 1930 quod
948 1850 1110 1910 duodecim
1126 1853 1159 1911 in
1176 1851 1305 1932 Capreis

165 1953 265 2011 insula
278 1951 360 2012 villis
378 1953 439 2011 suis
458 1950 585 2031 privatis
600 1951 741 2010 Tiberius
760 1951 909 2011 arbitratu
925 1973 979 2013 suo
996 1952 1158 2013 duodecim
1180 1953 1305 2014 deorum

165 2055 285 2113 nomina
301 2053 465 2114 indiderat:
485 2053 515 2113 id
531 2046 707 2138 quodflnnus¹
724 2055 852 2134 quisque
870 2053 956 2114 videt
970 2055 1010 2114 ad
1023 2054 1180 2134 publicum
1195 2076 1305 2117 nomen

166 2155 251 2214 aedis
262 2157 403 2236 publicae
415 2157 489 2216 nihil
502 2175 624 2236 prorsus
634 2157 797 2235 pertinere.
810 2157 956 2217 Nechinc
964 2178 1025 2216 non
1037 2157 1141 2218 eliens
1151 2162 1219 2217 uilla
1227 2161 1305 2217 Mor·

165 2264 199 2316 tis
213 2264 241 2316 in
256 2263 401 2334 Apennino
415 2259 485 2333 illa,
499 2261 531 2319 in
546 2278 607 2340 qua
620 2258 814 2319 Pertinacem
829 2260 907 2339 Imp.
926 2268 1030 2319 natum
1045 2260 1141 2321 Iulius
1156 2260 1304 2340 Capitoli·

165 2382 221 2420 nus
243 2382 268 2424 c.
287 2374 297 2424 l
315 2361 476 2441 perhibere
492 2360 639 2420 creditur:
662 2360 714 2420 ubi
728 2365 794 2420 uilla
808 2367 906 2420 matris
920 2363 1011 2422 estm
1027 2361 1171 2422 Palatino
1188 2363 1303 2422 codiee.

250 2466 365 2524 Versus
386 2463 476 2525 7-9
499 2464 529 2522 in
556 2482 647 2543 quem
673 2463 817 2523 ambitum
845 2465 1044 2542 pinguissima
1068 2465 1305 2544 interpolatione

167 2569 335 2639 creverint,
353 2568 427 2626 satis
443 2586 535 2645 supra
554 2565 739 2644 disputatum
755 2575 802 2624 est
816 2565 855 2624 ad
869 2586 898 2644 p.
916 2575 965 2638 28,
983 2573 1079 2628 4—7.
1097 2624 1100 2629 ,

252 2671 351 2728 Versu
367 2670 405 2728 10
426 2668 582 2726 Afranii
603 2669 756 2726 senarium
776 2665 937 2725 multitudo
956 2667 1099 2727 librorum
1122 2669 1215 2736 talem
1238 2692 1304 2749 pro-

167 2772 256 2829 didit:
278 2775 402 2828 Terentio
414 2790 468 2826 ooo
480 2774 593 2827 similem
605 2773 697 2827 dicens
708 2775 871 2844 qrteorpiom.
895 2771 929 2827 In
940 2770 987 2828 his
1000 2779 1100 2829 tamen
1112 2772 1185 2830 mihi
1198 2793 1256 2831 nec
1265 2777 1304 2830 di-

166 2892 245 2944 cens,
260 2893 317 2931 nec
333 2871 413 2950 quod
430 2893 484 2949 pro
502 2892 537 2930 eo
555 2874 613 2930 iam
629 2882 750 2931 veteres
767 2871 899 2930 editores
915 2872 1136 2932 substituerunt.
1154 2878 1244 2945 dices,
1259 2887 1306 2933 sat

167 2975 322 3033 commode
337 2995 427 3052 posse
447 2975 583 3051 expediri
599 2975 695 3032 visum
713 2983 765 3033 est.
804 2975 844 3032 Et
860 2983 976 3032 tantum
998 2975 1121 3054 quidem
1141 2975 1305 3035 dubitatio·

166 3098 234 3136 nem
250 3078 301 3134 vix
317 3077 424 3150 habet,
450 3078 522 3155 quin
542 3077 571 3134 in
591 3076 697 3135 eodem
713 3077 838 3155 prologo
855 3075 977 3134 fabulae
996 3087 1026 3135 et
1042 3077 1086 3134 illi
1101 3080 1206 3136 versui
1220 3080 1305 3138 locus

166 3179 259 3237 fuerit
274 3187 304 3235 et
318 3179 364 3236 his
381 3199 456 3256 quos
473 3178 647 3236 Macrobius
664 3179 797 3236 servavit
814 3179 935 3238 Satura.
954 3180 1012 3250 VI,
1035 3190 1096 3250 1,s
1119 3179 1215 3258 (apud
1234 3181 1304 3239 Rib-

166 3281 305 3338 beckium
324 3302 352 3359 p.
371 3281 446 3356 14⁴0:
475 3285 584 3355 fratrer,
601 3287 707 3355 secrupsi
722 3301 776 3337 nors
793 3283 826 3337 ab
842 3285 886 3337 illo
901 3283 993 3353 ruodo,
1013 3284 1070 3339 Sed
1083 3291 1112 3338 ut
1125 3288 1241 3357 quisquo
1255 3287 1304 3339 leu-

166 3388 221 3441 orris
234 3389 391 3441 conueniret
402 3387 475 3457 qraeod
490 3386 567 3447 nula,
592 3385 671 3452 Οιιοιί
683 3401 725 3440 me
737 3403 791 3440 noa
807 3401 889 3457 posse
903 3387 997 3439 caelius
1006 3385 1106 3457 faeere
1123 3388 1242 3452 credidi,
1261 3390 1306 3442 Et-

166 3492 219 3543 ium
235 3506 252 3541 o
265 3490 369 3542 lutino.
393 3486 429 3542 Iu
446 3485 572 3562 prologo
589 3494 698 3555 autem,
714 3505 773 3563 quo
792 3485 850 3562 ipsi
868 3484 1089 3562 compellantur
1104 3497 1305 3563 spectarasne,

167 3608 308 3665 quorsum
324 3588 475 3666 pertinere
496 3587 630 3666 potuisse
650 3607 804 3646 numerum
820 3587 906 3644 verbi
922 3587 1106 3663 singularem
1124 3594 1200 3646 dices·
1221 3600 1305 3668 purla-

165 3689 235 3747 bis?
274 3689 364 3768 Quod
389 3690 570 3765 intellegens
586 3690 715 3748 Rothius
743 3709 808 3746 oum
831 3690 861 3747 iu
883 3691 998 3767 primae
1020 3709 1170 3767 personae
1195 3693 1305 3751 formas

165 3794 271 3865 ‘sotter’
289 3797 403 3866 ‘sumpsi
410 3794 416 3818 '
436 3795 550 3849 ‘credidi
557 3793 563 3814 ’
587 3794 709 3867 egregio
729 3791 878 3869 quadrare
896 3796 989 3848 dicens
1004 3792 1199 3870 participium
1218 3796 1304 3852 ratio-

167 3896 283 3953 cinatur
305 3917 333 3973 p.
354 3904 418 3963 185,
440 3915 500 3951 non
517 3896 613 3970 ruagis
629 3893 802 3971 persuadet.
843 3895 911 3952 Neo
932 3895 1011 3951 enim
1032 3895 1074 3951 ita
1092 3898 1188 3953 diceus
1206 3897 1305 3975 potius

167 4008 377 4076 exspectatur,
399 3995 480 4073 quod
502 4017 607 4073 parum
631 3994 792 4053 facundiae
812 3996 983 4055 habiturum
1003 3998 1054 4066 sit,
1077 4017 1168 4075 quam
1192 3997 1303 4056 ‘existi-

166 4100 261 4158 mans'
277 4098 479 4173 ‘intellegens'
497 4099 651 4166 ‘sentiens'
668 4098 718 4156 vel
736 4097 850 4178 aliquid
867 4098 980 4157 simile:
1004 4119 1076 4170 uec,
1093 4098 1171 4158 illud
1188 4101 1215 4158 si
1232 4101 1305 4158 tole·

167 4223 275 4274 neurus,
293 4201 354 4258 ullo
371 4198 458 4256 modo
478 4202 658 4278 perspicitur
673 4222 731 4279 quo
747 4200 870 4259 tandem
886 4199 1082 4259 construendi
1098 4202 1223 4260 vinculo
1241 4223 1306 4260 cum

165 4305 450 4380 primaepersouao
468 4301 570 4360 verbis
591 4303 650 4361 illis
674 4304 753 4360 coire
775 4303 863 4363 huius
886 4304 916 4360 in
938 4323 996 4381 quo
1020 4323 1178 4362 versamur
1201 4325 1305 4364 versus

166 4405 318 4463 sententia
338 4404 480 4480 potuerit.
519 4404 626 4483 Itaque
645 4406 786 4483 quoniam
809 4406 1032 4464 enuntiatorum
1048 4405 1119 4464 talis
1136 4408 1305 4466 conforma·
