2964 5002
423 383 468 424 nn
492 349 713 424 nuaunsrrcrs
738 384 777 424 nr
799 382 1004 424 annronrsvs
1222 363 1280 447 tos

222 547 403 596 suasurus
429 547 567 594 0r1ntvs
598 530 750 616 Epicurei
777 529 946 594 cniusdam
975 529 1111 633 l‘phertus
1139 530 1311 616 philem-6

148 636 247 722 phiam
278 636 406 722 primo,
440 633 558 698 deinde
587 632 798 713 rhetoricam,
828 632 1006 706 nouissime
1036 636 1281 716 grammaticum

147 738 260 802 docuit
302 737 441 801 dimissa
463 743 568 799 antem
591 733 702 799 schola
727 734 884 799 Rutilium
902 733 1024 798 Rufum
1044 734 1232 799 damnatum
1246 736 1281 799 in

147 841 256 904 Asiam
279 847 424 919 secutus,
445 837 566 901 ibidem
586 837 750 922 Zmyrnae
772 834 931 933 sipnulque
953 838 1132 916 consenuit,
1155 858 1282 927 compo-

130 946 275 1029 ssuitque
304 941 420 1005 uariae
446 937 636 1003 eruditionis
658 938 782 1025 aliquot
799 938 983 1021 uolumina,
1010 916 1054 1003 bx
1080 939 1197 1026 quibus
1227 961 1281 1003 no-

145 1066 218 1108 nem
239 1044 341 1106 unius
364 1041 528 1127 eorporis,
555 1041 633 1127 quia
656 1042 829 1127 scriptores
856 1062 893 1104 ac
915 1051 1027 1126 poetas
1050 1041 1110 1105 sub
1131 1040 1283 1105 clientela

144 1145 316 1210 Musarum
337 1142 507 1222 iudicaret,
530 1163 594 1205 non
617 1142 759 1207 absurde
782 1152 815 1206 et
831 1142 949 1207 fecisse
972 1139 1004 1207 ct
1021 1143 1225 1230 inscripsisse
1248 1166 1282 1207 se

145 1250 191 1312 ait
209 1268 255 1310 ex
277 1267 412 1310 numero
436 1245 586 1309 diuorum
606 1254 638 1308 et
658 1243 886 1331 appellatione.
929 1245 1034 1337 huit*
1046 1265 1225 1329 cognomen
1249 1247 1283 1309 in
1371 1287 1375 1301 ι

145 1349 315 1438 plerisque
333 1345 498 1411 indicibus
521 1353 554 1409 et
574 1345 678 1410 titulis
698 1367 757 1433 per
778 1369 875 1410 unam
892 1347 949 1435 (L)
966 1347 1107 1411 litteram
1127 1347 1281 1434 scriptum

113 1450 391 1532 reanimaduerto,
417 1469 530 1512 uerum
561 1448 631 1534 ipse
651 1447 685 1511 id
704 1469 765 1534 per
786 1435 867 1512 duas
891 1449 984 1513 effert
1007 1450 1041 1512 in
1064 1447 1284 1535 parastiehide

143 1551 267 1634 libelli,
291 1552 347 1638 qui
369 1549 560 1615 inscribitur
576 1551 688 1635 pinax.

230 1688 268 1736 ut.
291 1685 467 1734 Auroutvs
490 1684 636 1752 sumno,
665 1670 826 1754 ingenuus
845 1671 879 1732 in
902 1666 1012 1733 Gallia
1029 1677 1125 1746 natus
1148 1669 1206 1733 sed
1227 1679 1313 1736 err-7

142 1775 284 1863 positus,
301 1793 322 1835 a
336 1762 496 1836 nutritore
507 1793 565 1835 suo
579 1771 796 1835 manumissus
812 1772 1045 1858 institutusque
1060 1771 1283 1835 Alexandriae

143 1914 185 1923 -
198 1874 263 1961 (et)
277 1871 421 1960 quidem,
432 1881 468 1935 ut
480 1872 581 1959 aliqui
595 1872 738 1955 tradunt,
752 1875 784 1936 in
793 1872 1004 1937 contubernio
1013 1872 1156 1961 Dionysi
1169 1873 1281 1961 Scyto·
1328 1904 1331 1909 ’

115 1976 352 2056 ubraehionis3
377 1973 463 2061 quod
486 1973 635 2061 equidem
653 1997 723 2038 non
746 1985 871 2039 temere
882 1973 1090 2058 crediderim,
1111 1998 1184 2041 cum
1205 1986 1283 2041 tem·

144 2101 264 2166 porum
287 2077 370 2139 ratio
386 2077 444 2140 uix
460 2087 674 2161 congruat-
689 2076 791 2140 fuisse
808 2076 928 2141 dieitur
942 2078 1067 2162 ingenii
1084 2080 1204 2164 magni,
1220 2100 1285 2142 me·

144 2181 271 2245 moriae
302 2176 495 2263 singularis,
520 2199 581 2242 nee
600 2181 707 2242 minus
734 2178 859 2243 Graece
893 2200 990 2267 quam
1016 2177 1133 2243 Latine
1156 2179 1285 2260 doctus3

146 2293 322 2370 praeterea
345 2280 429 2343 comi
452 2279 606 2366 facilique
622 2288 748 2361 natura,
770 2301 830 2343 nec
853 2302 993 2367 unquam
1017 2280 1058 2353 de
1079 2281 1284 2349 mercedibus

147 2395 282 2474 pactus,
314 2403 416 2468 eoque
442 2380 536 2468 plura
565 2403 607 2445 ex
634 2380 830 2446 liberalitate
859 2382 1052 2447 discentium
1080 2390 1283 2446 consecutus.

117 2486 260 2552 »docuit
284 2485 422 2570 primum
447 2485 480 2547 in
497 2483 575 2546 Diui
592 2483 668 2547 Iulii
690 2483 784 2550 domo
801 2487 893 2571 pueri
909 2483 1024 2565 adhuc,
1047 2481 1165 2546 deinde
1179 2483 1212 2545 in
1227 2505 1286 2546 sua

147 2589 292 2676 priuata.
338 2584 447 2649 docuit
474 2594 582 2649 autem
611 2595 642 2649 et
663 2587 872 2661 rhetoricam,
900 2587 945 2648 ita
976 2594 1012 2649 ut
1029 2583 1173 2671 qnotidie
1196 2607 1285 2670 prae-

147 2699 245 2777 cepta
268 2686 471 2774 eloquentiae
493 2688 650 2769 traderet,
682 2688 878 2753 declamaret
906 2709 983 2750 uero
1013 2686 1141 2750 nonnisi
1170 2685 1284 2748 nundi-

147 2795 210 2855 nis.
257 2789 401 2853 scholam
424 2792 494 2852 eius
512 2789 617 2852 claros
635 2811 762 2876 qnoque
781 2791 869 2853 uiros
888 2790 1111 2874 frequentasse
1130 2789 1232 2879 aiunt,
1252 2787 1284 2849 in

239 3030 249 3079 1
266 2959 402 3095 Opirhius
417 3019 438 3072 L
453 2994 469 3094 Η
482 3014 605 3093 Epicuri
617 3018 637 3072 ·Ι
647 3009 660 3096 Η
676 3014 906 3095 phylosophiam
920 3017 941 3072 O
953 3015 1004 3081 (sic
1015 3018 1138 3087 semper)
1154 3008 1167 3094 Η
1183 3021 1199 3072 2
1214 3009 1284 3072 deiri

151 3108 187 3181 de
204 3106 228 3161 L
249 3101 262 3181 Η
277 3099 459 3179 th'odoricd
474 3100 624 3158 rethoricis
639 3103 653 3158 l
666 3095 678 3180 Η
694 3101 804 3162 3scola
824 3094 872 3182 Vll
889 3099 1042 3158 ruthilium
1054 3103 1073 3157 I
1084 3094 1096 3179 Η
1112 3099 1219 3157 ntffum
1236 3102 1258 3154 (l
1272 3081 1285 3175 Η

151 3190 316 3247 dannatum
329 3191 351 3246 0
365 3183 379 3270 Η
394 3202 411 3248 t
426 3189 555 3263 Zmyme
575 3187 600 3242 V
614 3187 764 3264 Smyrnae
781 3188 852 3243 NOI
864 3186 1001 3244 Smirnae
1015 3187 1037 3241 G
1054 3188 1117 3256 sed
1130 3204 1206 3242 corr.
1223 3188 1285 3242 eod.

151 3280 200 3349 ur.)
217 3271 269 3353 Lll
286 3273 372 3332 simul
390 3276 413 3330 L
428 3266 441 3353 Η
458 3272 675 3351 conposuitque
693 3265 766 3352 1Ηὸ
785 3270 900 3350 aliquot
914 3270 977 3328 due
996 3264 1045 3351 ΟΗ
1061 3279 1077 3331 6
1094 3269 1164 3348 qnia
1179 3273 1286 3327 Ernes·
1393 3312 1397 3333 ,

152 3364 224 3418 lint:
253 3360 304 3439 qui
322 3360 393 3439 quia
408 3362 473 3415 libri
488 3352 529 3438 Η7
547 3357 673 3414 lecisset
689 3358 707 3412 l
719 3354 732 3434 Η
745 3356 936 3434 inscripsisse
964 3359 1097 3428 Wolfius:
1128 3356 1286 3433 scripsisse

589 3454 600 3490 l
614 3452 682 3492 tlttnt‘ri

152 3516 218 3570 libri
232 3507 247 3593 Η
264 3532 296 3569 se
313 3512 371 3568 seri
395 3511 470 3567 sisse
491 3512 512 3568 O
529 3504 541 3589 Η
556 3519 573 3571 Β
589 3509 695 3567 dinaru
721 3511 745 3564 V
760 3508 896 3565 diuorum
917 3511 961 3565 to
978 3502 1103 3566 clurinum
1120 3510 1148 3564 N
1162 3503 1286 3586 dntirum

154 3601 175 3655 G
195 3597 321 3654 duorum
341 3598 360 3652 Ι
373 3531 392 3676 Η
410 3595 435 3652 L
459 3595 589 3653 litteram
611 3597 633 3652 I.
656 3598 706 3651 Nr.
729 3598 901 3650 Grotrcoe'us:
928 3593 1059 3651 litteram
1084 3595 1153 3651 GOI
1169 3593 1287 3651 literam

155 3685 202 3740 NL
218 3676 292 3739 liam
312 3682 337 3735 Γ
348 3676 361 3760 Η
378 3681 518 3756 scriptam
534 3682 553 3737 Ι
563 3673 576 3759 Η
596 3691 626 3739 111
639 3679 714 3736 duas
730 3678 796 3735 lius
814 3682 833 3734 L
848 3673 861 3757 Η
876 3676 1102 3756 pnrustlrichidc
1122 3680 1143 3734 L
1161 3679 1286 3756 peremti-

154 3767 252 3847 chyde
274 3769 301 3823 N
319 3761 332 3844 Η
357 3776 386 3826 tr
407 3766 531 3823 Marcus
546 3768 591 3823 to
607 3760 619 3843 Η
637 3764 757 3841 Gnipho
787 3766 812 3820 Γ
826 3765 918 3822 Gnifo
942 3764 1060 3839 Lguifo
1079 3766 1100 3820 0
1121 3762 1246 3841 Grapho
1263 3765 1290 3818 N

154 3853 266 3930 grapho
289 3854 333 3908 GI
344 3845 358 3931 Η
376 3860 408 3911 13
423 3859 452 3907 et
476 3854 583 3907 addidit
600 3851 648 3907 Th.
671 3851 862 3907 Mommscnus
882 3843 893 3927 Η
911 3850 1089 3927 institusque
1106 3851 1125 3905 I
1136 3844 1149 3928 Η
1168 3859 1199 3909 ll
1215 3849 1288 3907 Dio·

155 3939 229 4015 nysii
246 3940 265 3995 Ι
276 3937 384 3995 Dionis
402 3938 423 3991 L
439 3929 451 4014 Η
467 3933 734 4013 Scytoharclrionis
744 3937 773 3991 N
783 3933 1063 4009 scythobrachionis
1078 3936 1147 3992 061
1159 3933 1287 4011 Scytho-

155 4037 306 4098 bachionis
321 4041 343 4097 L
362 4011 660 4116 ScythabachioisV
678 4032 691 4117 Η
715 4048 744 4097 ts
767 4056 825 4124 qup
842 4036 963 4117 quidem
982 4039 1054 4094 NGI
1065 4030 1079 4116 Η
1094 4034 1215 4114 quidem
1233 4038 1255 4092 G
1275 4030 1286 4113 Η

156 4200 184 4254 17
205 4187 308 4279 gunfcc
332 4198 355 4251 G
386 4186 400 4272 Η
430 4200 462 4252 ts
485 4209 561 4248 eorm
585 4193 603 4246 I
627 4186 640 4267 Η
677 4199 706 4251 19
726 4148 943 4282 consopitus]
968 4187 981 4270 Η
1007 4198 1041 4250 20
1061 4189 1136 4277 prim
1170 4192 1198 4243 in
1233 4206 1286 4259 mp.

154 4329 200 4396 pm
218 4317 240 4371 G
262 4315 346 4391 prius
368 4313 386 4368 1
405 4304 418 4390 Η
440 4309 538 4367 adhuc
556 4329 608 4366 our.
627 4312 648 4365 L
671 4303 683 4388 Η
704 4316 739 4371 13
756 4305 851 4386 aiunt]
872 4329 889 4365 a
907 4304 1009 4363 lure'l
1021 4301 1033 4386 Η
1050 4306 1079 4362 in
1098 4304 1144 4361 his
1162 4307 1183 4363 O
1205 4303 1287 4361 iniis

162 4417 274 4475 VLNGI
