2964 5002
169 355 227 416 166
418 331 437 379 ⁰
670 372 800 413 euarvu

165 519 272 584 Numa
294 518 472 605 Pompilius
501 517 629 582 addidit
654 518 760 604 adque
787 521 834 581 ita
864 519 897 580 in
923 508 996 582 'xil
1024 540 1153 583 menses
1180 541 1301 584 annum

165 621 327 684 distinxit.
355 620 500 707 plerique
516 629 623 684 autem
639 620 972 703 adserunt†0ingum
985 618 1180 684 Sabinorum
1191 642 1302 704 regom

165 724 255 810 prius
277 744 398 786 aunum
410 723 443 784 in
466 742 594 785 menses
613 719 784 802 diuisisse‚
806 720 886 785 Idus
902 720 1134 806 Kalendasque
1157 732 1190 785 et
1207 723 1304 786 inter·

146 825 291 889 'salares
321 821 392 888 dies
413 823 603 886 instituisse.
640 839 827 886 KALENDAS
855 834 962 886 autem
985 843 1005 885 a
1027 820 1165 886 colendo
1187 823 1303 887 dietas.

166 926 262 1012 apud»
278 926 428 1011 antiquos
458 925 544 988 enim
572 946 700 1009 semper
731 925 890 988 mensium
915 924 1077 1011 principia
1102 924 1326 988 colebantur.s

165 1043 247 1090 ruvs
275 1048 403 1114 quoque
431 1026 536 1090 dictae
558 1049 578 1089 a
598 1025 713 1126 dielqus
736 1037 768 1090 et
790 1042 909 1089 NONAE
931 1047 951 1089 a
974 1024 1139 1089 nundinis.
1175 1048 1304 1090 menses

166 1138 275 1193 autern
297 1129 402 1194 omnis
428 1128 515 1214 apud
537 1126 674 1192 Latinos
697 1150 738 1191 ex
761 1127 921 1191 Kalendis
944 1136 1076 1191 sumunt
1097 1128 1303 1213 principium.

82 1246 86 1265 ¹
166 1230 253 1318 apud
269 1232 452 1317 Aegyptios
463 1239 575 1309 'autem
590 1230 749 1316 principia
762 1229 921 1293 mensium
936 1239 1013 1293 ante
1027 1227 1198 1293 Kalendas
1213 1237 1305 1315 quat·

166 1342 240 1397 tuor
253 1332 307 1396 uel
321 1333 465 1418 quinque
485 1332 554 1405 siue
570 1352 629 1394 sex
641 1352 699 1399 seu
713 1338 836 1416 septem
852 1340 909 1394 aut
923 1340 995 1394 octo
1012 1330 1081 1395 dies
1092 1331 1304 1415 pronuntian-

166 1444 235 1517 tur,
256 1434 350 1497 iuxta
373 1432 457 1520 quod
482 1431 620 1497 formula
643 1431 789 1496 subiecta
809 1431 953 1496 declarat
974 1439 1086 1512 (lipara
1109 1440 1152 1512 Ι).
1188 1431 1339 1496 dehinca

168 1661 233 1718 cunt
251 1656 399 1722 scriptores
418 1656 452 1705 ab
471 1656 524 1705 (liis
542 1655 640 1705 inferis
658 1655 825 1705 Februarius
843 1654 1012 1720 appellatus,
1032 1656 1102 1720 qnod
1121 1660 1177 1705 tum
1197 1656 1306 1705 februa-

168 1733 211 1774 tur
229 1725 351 1790 populus,
372 1724 399 1772 id
418 1728 460 1773 est
477 1723 598 1788 lupercis
615 1723 838 1777 uudislustratur
851 1724 990 1787 antiquom
1008 1724 1135 1788 oppidum
1149 1724 1307 1784 Palatinum

168 1793 297 1857 gregibus
315 1791 442 1841 humanis
460 1789 598 1841 cinctum!
628 1792 740 1840 Verrius
752 1791 871 1840 Flaccus
883 1792 959 1840 Fast.
974 1793 1130 1841 Praenestz
1152 1792 1307 1842 ‘Ianuarius

168 1861 247 1926 aequae
275 1862 351 1910 aliter
377 1863 521 1924 appellatur
544 1860 572 1909 in
595 1857 701 1908 Latio'
743 1858 874 1908 ‘Martius
898 1858 932 1907 ab
955 1859 1116 1908 Latinorum
1146 1862 1195 1909 deo
1219 1860 1307 1910 Marte

168 1927 323 1993 appellandi
352 1926 404 1990 (l).
451 1927 545 1992 itaque
575 1926 645 1992 apud
674 1926 795 1976 Albanos
824 1932 852 1975 et
883 1925 1026 1991 plerosque
1054 1926 1167 1991 populos
1196 1928 1307 1978 Latinos
1379 1959 1383 1970 ·

168 1995 239 2044 idem
269 1995 321 2043 fuit
348 2000 411 2044 ante
439 1994 579 2048 conditam
607 1992 744 2045 Roruam.’
797 1996 908 2058 ‘Apriles
935 2010 1011 2062 sacer
1037 1994 1140 2044 Veneri
1173 1996 1257 2060 quod
1274 2011 1307 2046 ea
1360 2031 1366 2042 .

169 2079 228 2112 eum
254 2063 367 2112 Anchisa
391 2078 490 2126 pareas
514 2063 574 2124 sarit,
594 2064 702 2112 Aeneae
731 2061 805 2126 regis
833 2066 877 2126 qai
902 2066 987 2127 penult
1018 2062 1103 2112 Iulum
1135 2078 1151 2111 a
1180 2079 1233 2128 quo
1262 2080 1305 2129 po·

168 2130 247 2196 pulus
275 2131 413 2180 Romanus
441 2134 515 2180 ortus
545 2136 593 2180 est.
630 2132 684 2180 Ars
708 2136 799 2194 putum
826 2136 864 2178 r'ta
890 2134 1043 2195 appellatam
1070 2146 1128 2180 esse
1158 2132 1224 2195 qnia
1253 2132 1305 2181 fru-
1342 2160 1347 2179 .

169 2214 217 2264 ges
240 2198 320 2248 flores
344 2197 530 2262 animalisque
556 2214 590 2248 ac
612 2199 700 2255 maria
726 2203 758 2261 et¹
777 2201 868 2263 terras
898 2195 1077 2263 aperiuntur.'
1117 2196 1308 2249 Cassiodorius

168 2267 232 2315 Var.
257 2266 270 2314 I
293 2265 339 2316 35:
370 2266 455 2330 ‘quod
484 2266 518 2315 ab
547 2267 615 2332 ipsis
637 2281 743 2332 quoque
767 2265 906 2315 mensibus
928 2265 1008 2334 datur
1034 2265 1168 2331 intelligi,
1200 2258 1309 2332 quaudo
1345 2290 1376 2333 χ

170 2350 203 2384 ex
225 2349 340 2384 numero
360 2335 486 2384 imbrium
508 2334 657 2384 futurorum
676 2337 863 2397 competenter
879 2335 991 2383 nomina
1009 2333 1208 2398 susceperunt)
1246 2335 1308 2385 Cea·
1346 2362 1350 2370 ·
1378 2378 1383 2395 ,

168 2403 250 2452 serini
271 2408 296 2451 et
321 2401 439 2452 Marrobr'
465 2403 581 2452 mensium
603 2406 745 2452 notationes
768 2417 832 2466 quae
855 2401 895 2450 laio
915 2408 1043 2465 poterant
1053 2403 1176 2451 adnotari
1197 2405 1222 2451 ia
1241 2403 1307 2467 Sup-

167 2475 299 2534 plemeuttr
314 2473 398 2534 poeni.
438 2470 581 2520 Kalendae
610 2470 673 2519 ldns
695 2465 805 2534 Nouae]
829 2469 951 2518 Isidorus
973 2470 1060 2535 origg.
1080 2469 1103 2518 V
1122 2467 1168 2532 33,
1190 2468 1220 2517 12
1232 2486 1306 2535 sqq.z

169 2537 321 2603 fKalendas
344 2544 433 2588 autem
457 2539 550 2587 Nonas
573 2544 601 2587 et
629 2537 692 2586 Idus
715 2543 826 2601 propter
849 2537 935 2587 festos
957 2536 1017 2586 dies
1042 2537 1157 2587 Romani
1180 2539 1304 2587 institue·

170 2612 231 2655 runt
253 2606 297 2655 uel
320 2612 432 2672 propter
454 2606 548 2656 officia
570 2605 786 2670 magistratuum.
823 2604 932 2669 quidam
950 2610 1041 2654 autem
1060 2605 1199 2655 Kalendas
1226 2620 1243 2654 a
1260 2606 1305 2656 ''eo-

168 2674 250 2723 lendo
270 2674 405 2738 appellari
425 2675 590 2723 existimant.
622 2673 692 2737 apud
716 2678 823 2722 ueteres
849 2673 919 2722 euim
944 2674 1062 2722 omnium
1083 2675 1214 2723 mensium
1232 2674 1306 2738 priu-

170 2743 245 2807 cipia
269 2741 441 2791 colebantur:
471 2743 542 2792 sicut
565 2747 593 2789 et
616 2740 687 2805 apud
710 2741 866 2789 Hebraeos·
904 2740 967 2790 Idus
992 2745 1082 2789 autem
1106 2741 1229 2806 plerique
1253 2743 1306 2791 La·

170 2811 286 2859 tinorum
318 2811 352 2859 ab
383 2810 487 2858 edendo
517 2809 606 2858 dietas
631 2813 741 2873 putant:
773 2808 843 2872 quod
874 2809 894 2857 ii
923 2808 982 2857 dies
1011 2809 1083 2872 apud
1109 2814 1219 2858 rreter'es
1244 2825 1307 2874 epu-

169 2878 255 2926 larum
276 2882 376 2926 essent.
412 2878 507 2926 Nonae
527 2893 544 2926 a
561 2876 688 2926 nundinis
707 2880 837 2925 uocatae:
857 2876 995 2925 nundinae
1015 2877 1087 2925 enlm
1106 2884 1168 2926 suut
1180 2878 1308 2941 publicae

171 2946 366 2993 conuentioues
384 2945 443 2993 siue
462 2943 656 2994 mercimonia?
682 2944 792 2993 Servius
810 2946 876 2992 Aen.
896 2944 961 2993 Vlll
980 2943 1043 2992 654:
1064 2944 1188 2994 ‘Curiam
1207 2945 1308 2995 Calab-

171 3029 228 3061 ram
252 3012 333 3072 dicit,
365 3028 446 3076 quum
469 3012 597 3062 Romulus
620 3016 728 3060 texerat
751 3011 855 3060 culmis.
893 3011 955 3061 ideo
979 3016 1069 3060 autem
1093 3012 1213 3062 Calabra
1239 3013 1310 3077 quod

172 3096 231 3129 eum
251 3081 374 3128 incertae
393 3086 486 3129 esseut
503 3079 646 3130 Kalendae
666 3085 712 3128 aut
730 3079 794 3128 Idus
814 3079 955 3129 aRomulo
974 3081 1148 3129 constitutum
1168 3088 1258 3130 estut
1272 3082 1311 3130 ibi

171 3154 263 3211 patres
282 3148 325 3196 uel
344 3149 458 3213 populus
478 3148 687 3208 calarentursi.
706 3164 730 3196 e.
750 3152 927 3207 uocarentur,
950 3153 980 3196 ut
998 3149 1101 3197 scireut
1119 3164 1171 3212 qua
1190 3149 1234 3197 (lie
1254 3151 1311 3198 Ka-

171 3214 269 3264 lendae
289 3222 381 3265 essent
398 3216 442 3265 uel
461 3218 545 3265 etiam
564 3216 636 3265 ldus.
656 3231 673 3264 a
686 3231 750 3280 rege
768 3215 925 3264 sacrificulo
937 3216 1009 3265 idem
1028 3215 1112 3264 fiebat
1123 3222 1165 3277 ut,
1181 3218 1310 3281 quoniam

172 3282 260 3331 arllruc
280 3283 346 3333 fasti
364 3300 417 3332 nou
437 3290 523 3347 eraut,
544 3284 666 3333 ludorum
686 3287 713 3332 et
731 3283 928 3333 sacrificiorum
947 3291 1160 3348 praenoscerent
1178 3283 1259 3334 ‹lies'
1279 3311 1310 3320 -

172 3352 257 3401 Varro
276 3353 307 3399 L.
327 3354 359 3400 L.
377 3353 414 3401 Vl
434 3353 467 3400 27
485 3368 538 3417 sq.:
566 3351 662 3401 ‘Primi
682 3351 740 3400 dies
758 3352 891 3400 mensium
910 3352 1041 3400 uomiuati
1061 3351 1202 3401 Calendae
1222 3353 1258 3401 ab
1278 3370 1310 3403 eo

259 3550 268 3600 l
290 3546 375 3597 uinna
395 3542 474 3596 ΗΒΕ
488 3533 501 3620 Η
516 3539 677 3618 pampilius
689 3535 751 3597 ΑΕ1
770 3532 784 3620 Η
798 3537 923 3597 addedit
936 3536 972 3596 B¹
992 3535 1005 3624 Η
1021 3548 1110 3619 atque
1123 3536 1162 3596 1³²
1178 3535 1191 3621 Η
1207 3541 1311 3618 itaque

171 3624 201 3681 in
221 3628 312 3681 Bom.
335 3629 359 3681 Α
381 3620 393 3703 Η
413 3624 566 3682 mensibus
585 3629 608 3682 Α
630 3620 642 3705 Η
663 3635 679 3685 2
701 3625 920 3682 ‹listiucxerunt
939 3628 966 3681 B
986 3621 998 3706 Η
1021 3635 1161 3683 asserunt
1182 3622 1277 3682 AB²D
1298 3621 1310 3704 Η

173 3710 292 3785 cingum
312 3713 422 3767 ABDE
436 3713 561 3767 Cincirtm
583 3714 751 3782 scriptorem
773 3714 862 3767 latere
881 3715 1012 3783 suspicor
1029 3713 1148 3768 Ancum
1170 3683 1352 3769 Areoalui‘
1374 3666 1383 3765 i

173 3795 407 3852 ‘arrSancuurt'
434 3797 582 3852 Beclcsras
597 3791 609 3875 Η
625 3795 797 3853 sauinorurn
812 3791 849 3851 B¹
868 3790 1090 3875 Ηδάἰιιὶιίἰεεοῖ
1104 3791 1141 3852 13¹
1160 3790 1173 3875 Η
1189 3795 1310 3875 elealq:
1343 3792 1370 3800 ⁴¹

172 3879 272 3958 adque
289 3879 314 3936 ds
333 3876 372 3937 B¹
388 3878 488 3957 lealq:
509 3875 536 3937 d:
552 3876 593 3936 Β2
608 3879 766 3938 Kalendas
783 3890 813 3938 et
829 3877 864 3936 A¹
883 3875 895 3961 Η
910 3891 926 3940 4
941 3880 991 3937 kle
1015 3875 1066 3961 ΒΗ
1083 3891 1183 3939 auteur
1203 3900 1256 3938 om.
1273 3877 1322 3938 ΑῙ·

174 3961 186 4046 Η
205 3988 222 4023 a
247 3985 299 4022 om.
317 3967 343 4021 B
365 3959 377 4044 Η
400 3963 543 4023 colendos
563 3961 602 4022 B¹
621 3965 748 4023 colendo
770 3971 793 4022 Α
816 3961 828 4046 Η
850 3964 958 4043 dictae,
972 3962 1017 4047 ΒΗ
1042 3971 1145 4044 eaput
1160 3970 1184 4022 Α
1199 3960 1211 4048 Η
1228 3987 1309 4025 men·

173 4070 258 4108 suum
274 4046 312 4107 B¹
335 4047 347 4130 Η
369 4051 490 4109 nomina
511 4050 658 4132 principia
675 4047 754 4109 B¹A²
776 4046 789 4130 Η
810 4050 915 4112 adieri
932 4048 1016 4131 ΑΒῙΙ
1042 4050 1130 4108 dibus
1154 4053 1180 4107 D
1203 4051 1310 4109 diebus

172 4135 222 4193 uel
241 4136 278 4193 ab
296 4137 388 4195 idulio
405 4139 544 4192 Areoalus
560 4134 673 4212 (edulio
688 4134 739 4212 ol.)
754 4131 768 4216 Η
784 4156 879 4194 nouas
896 4140 991 4194 Aaou
1007 4135 1208 4194 assnoudincs
1225 4136 1310 4194 dines

173 4217 211 4277 13¹
227 4219 241 4301 Η
257 4230 271 4284 7
285 4220 336 4300 ex]
355 4225 411 4280 aB
425 4215 438 4300 Η
453 4219 611 4278 Kalendas
625 4225 649 4278 A
663 4215 676 4300 Η
691 4231 708 4283 8
724 4241 879 4281 mensuum
892 4217 929 4277 Β1
949 4216 962 4302 Η
976 4229 993 4283 9
1010 4231 1151 4300 quattuor
1163 4221 1213 4279 uel
1225 4223 1310 4300 quiu-

174 4327 233 4384 que
250 4309 315 4365 siue
328 4327 382 4366 sex
398 4325 452 4364 seu
465 4313 581 4382 septem
593 4315 646 4364 aut
660 4316 727 4364 octo
741 4306 806 4365 dies
822 4310 860 4363 ol.
878 4315 1019 4384 quattuor
1035 4309 1230 4387 autquinque
1246 4310 1309 4378 AB,

173 4395 327 4462 Arcesilae,
346 4395 493 4450 Baedorus
509 4389 521 4468 Η
537 4390 590 4449 des
604 4387 642 4448 13¹
661 4389 673 4472 Η
690 4402 722 4452 10
734 4394 815 4450 iusta
830 4387 882 4471 ΒΗ
899 4391 1025 4449 formala
1043 4387 1106 4449 ΑΒ1
