2964 5002
604 398 927 440 οιοιοαε.ιιιετοιιιι
1280 388 1342 450 325

185 544 281 627 διχῶς
311 546 458 628 ἔλεγον,
487 536 570 610 αύτό
595 536 688 610 τετὸ
710 535 1043 628 άναρριπτούμενον,
1073 537 1158 610 ὅθεν
1181 551 1343 631 παροιμία

187 638 330 730 τραγικὴ
353 643 412 711 τό·

316 796 319 800 -
340 741 397 815 del
417 732 544 831 γάρ-τύ
564 750 747 813 πίπτουσιν
767 749 803 812 ολ
821 741 904 824 Διὸς
925 745 1040 831 κύβοι·

189 846 243 914 καὶ
265 841 333 934 τῆν
359 847 401 913 ἐν
422 841 514 936 αύτῷ
539 848 683 932 μονάδα.
717 843 803 914 ὅθεν
824 853 945 934 λυθείη
969 843 1013 913 άν
1040 865 1123 933 φησι
1132 847 1205 950 ,καὶ
1226 841 1263 914 τό
1285 853 1301 927 ζ
1322 887 1342 898 -

170 947 360 1035 ιτούμενον
381 947 421 1014 έν
441 948 488 1039 τῷ
509 943 600 1033 παρά
617 942 881 1033 Ἀριστοφάνους
902 949 1157 1038 κωμῳδουμένφ
1180 953 1296 1037 στίχῳ·

342 1043 485 1135 βέβληκ’
505 1043 674 1134 Ἀχιλλεύς
697 1047 760 1118 δύο
781 1047 875 1136 κύβω
899 1051 954 1117 καὶ
975 1051 1117 1135 τέτταρα

190 1150 243 1217 καλ
264 1149 359 1237 ἑξῆς·
404 1151 495 1234 λέγει
515 1145 579 1237 γάρ
608 1148 671 1218 δύο
692 1149 842 1236 μονάδας
860 1151 916 1219 καὶ
937 1152 1087 1236 τέτταρα.
1133 1155 1240 1218 ἔκειτο
1264 1145 1296 1216 δ’
1321 1144 1340 1217 ὁ

165 1288 168 1293 -
190 1258 300 1337 στίχος
322 1253 362 1319 ἐν
381 1253 428 1342 τῷ
448 1246 640 1338 Εύριπίδου
660 1257 800 1341 Τηλέφῳ
822 1247 888 1318 σδν
910 1248 1025 1330 ἄλλοις
1047 1255 1230 1338 ίαμβικοίς,
1254 1257 1340 1318 ἔνθα

191 1350 402 1440 κυβεύοντας
441 1349 521 1432 τούς
554 1349 666 1440 ῆρωας
701 1351 865 1440 εἰσήγαγε.
933 1354 1118 1440 περιῃρέθη
1152 1354 1192 1420 δέ
1234 1372 1340 1439 φησιν

163 1450 273 1523 κόλον
292 1444 405 1523 έκεῖνο
428 1450 467 1523 τὸ
492 1452 683 1522 ἐπεισόδιον
710 1456 958 1539 χλευασθέντος
979 1451 1032 1522 ἐπ’
1056 1449 1148 1544 αύτῷ
1163 1457 1225 1521 τού
1239 1452 1339 1540 ποιή-

190 1581 304 1643 ματος.
351 1557 441 1641 λέγει
470 1553 506 1623 δὲ
535 1550 554 1622 ὁ
581 1557 686 1623 ταῦτα
713 1551 923 1641 παραδιδούς
949 1556 1005 1624 καὶ
1026 1549 1070 1633 ὡς
1098 1558 1133 1622 οἱ
1156 1556 1196 1644 τῆ
1223 1558 1341 1644 παιδιᾷ

191 1656 296 1746 ταύτῃ
316 1654 485 1743 χρώμενοι
505 1651 572 1724 άπὸ
592 1658 660 1723 τῶν
689 1658 726 1724 έν
750 1671 820 1735 τοῖς
841 1655 959 1744 κύβοις
979 1655 1157 1744 τρημάτων
1179 1670 1338 1743 τρηματῖ-

192 1785 243 1827 τπι
263 1758 424 1845 ἐλέγοντο
443 1755 614 1844 παράγων.
628 1760 683 1825 καὶ
703 1760 822 1844 χρῆσιν
845 1759 1035 1845 Σώφρονος
1053 1756 1109 1825 τό·

344 1858 528 1945 δειπνήσας
550 1853 718 1941 ὠστίζεται
741 1874 810 1938 τοῖς
833 1858 1141 1946 τρηματιζόντεσσι·

165 1960 244 2029 νεεδ
264 1955 320 2029 ὅτι
345 1960 569 2042 ἐσπουδάζετο
588 1955 610 2046 ῆ
632 1966 752 2047 κυβεία
769 1955 812 2028 ού
830 1961 939 2047 μόνον
959 1956 1049 2047 παρά
1067 1968 1223 2039 Σικελοῖς
1253 1956 1339 2027 άλλά

193 2062 246 2131 καὶ
263 2059 474 2148 Ἀθηναίοις,
497 2067 532 2129 οἳ
552 2056 607 2128 καὶ
629 2063 667 2128 έν
684 2065 786 2149 ίεροίς
808 2058 1046 2148 άθροιζόμενοι
1067 2062 1251 2149 ἐκύβευον,
1282 2062 1338 2129 καὶ

190 2165 334 2251 μάλιστα
354 2164 394 2231 ἐν
413 2164 460 2254 τῷ
479 2166 537 2248 τῆς
563 2161 724 2249 σκιράδος
745 2158 888 2250 Ἀθηνᾶς
907 2167 953 2254 τῷ
981 2164 1035 2231 ε’πὶ
1057 2170 1178 2253 σκίρφ,
1209 2159 1270 2248 ἀφ’
1294 2151 1339 2230 ού

193 2265 245 2333 καλ
272 2258 315 2331 τά
343 2260 430 2333 ἄλλα
457 2262 663 2352 κνβεντῆρια
691 2262 871 2350 σκιράφεια
902 2259 1105 2350 ὠνομάζετο·
1147 2265 1180 2344 ἐξ
1207 2251 1255 2329 ὦν
1281 2264 1337 2331 καὶ

192 2367 300 2435 πάντα
321 2360 364 2433 τά
378 2365 643 2452 πανουργῆματα
666 2361 722 2432 διά
741 2361 803 2453 τῆν
825 2368 862 2432 έν
884 2371 1092 2452 σκιραφείοις
1114 2367 1337 2452 ῥᾳδιουργίαν

165 2476 352 2555 »σκίραφοι
376 2468 570 2535 ἐκαλοῦντο.
605 2461 786 2548 Ἱππῶναξ·

341 2574 378 2635 τί
395 2592 437 2654 με
458 2567 636 2655 σκιράφοις
657 2565 856 2650 άτιτάλλεις;

192 2676 389 2757 πεποίηνται
415 2669 456 2736 δέ
478 2689 559 2756 φησι
587 2670 642 2737 καὶ
663 2672 847 2755 προστάται
868 2674 930 2736 τοῦ
951 2665 1039 2736 οὕτω
1067 2673 1194 2749 παίζειν
1218 2661 1336 2753 Ἑρμῆς

192 2773 244 2839 καὶ
271 2766 353 2840 Πάν
383 2765 476 2838 καθά
500 2773 557 2858 τῆς
585 2775 749 2858 μουσικῆς
776 2766 950 2838 Ἀπόλλων
978 2772 1033 2837 καὶ
1060 2772 1209 2837 Μοῦσαι.
1256 2762 1336 2847 τούς

192 2871 226 2941 δέ
250 2866 399 2951 κεσσοδς
419 2872 509 2958 λέγει
535 2871 672 2960 φῆφους
696 2872 781 2941 εἶναι
804 2875 920 2955 πέντε,
949 2867 1000 2951 αἷς
1022 2871 1075 2938 ε’πὶ
1104 2872 1202 2938 πέντε
1227 2896 1335 2957 γραμ-

164 2978 262 3061 ufir
282 2979 420 3056 ἔπαιζον
441 2973 669 3061 ἑκατέρωθεν,
701 2979 756 3042 ἵνα
777 2976 916 3053 ἕκαστος
937 2976 1004 3040 τῶν
1026 2970 1258 3040 πεττευόντων
1278 2979 1335 3060 ε”χη

192 3072 247 3157 τὰς
266 3071 349 3145 καθ’
373 3074 505 3144 ἑαυτόν.
551 3078 749 3163 Σοφοκλῆς·

340 3177 398 3246 καλ
421 3172 529 3245 πεσσά
547 3175 788 3265 πεντάγραμμα
807 3179 862 3244 καὶ
884 3179 1000 3263 κύβων
1022 3183 1132 3262 βολαί.

271 3355 368 3419 δτης.
408 3352 501 3404 Sehol.
526 3354 664 3420 Aristoph.
688 3370 746 3404 ran.
771 3352 849 3403 1-100:
885 3343 1003 3419 βέβληκ’
1026 3340 1170 3418 Ἀχιλλεύς]
1197 3342 1333 3417 Ἀρίσταρ·

191 3416 237 3487 γός
260 3436 351 3501 φησιν
372 3413 538 3480 άδεσπότως
556 3421 639 3472 τούτο
657 3416 874 3485 προφέρεσθαι,
898 3414 936 3480 ὡς
955 3412 1119 3484 Εὐριπίδου
1142 3414 1334 3486 πεποιηκότος

190 3488 367 3556 καβευοντας
385 3481 417 3541 ἐν
435 3488 474 3555 τῷ
494 3484 623 3572 Τηλέφῳ,
644 3477 693 3548 ούς
712 3486 761 3540 καὶ
780 3492 913 3553 περιεῖλε.
949 3496 982 3563 (μ
996 3479 1070 3563 'uoq'
1088 3475 1142 3539 ούν
1159 3481 1275 3540 ἐκεῖθεν
1287 3475 1334 3555 ῆν.

189 3556 297 3623 μᾶλλον
315 3550 349 3608 δὲ
373 3548 544 3623 ἐσχεδιακάς
566 3574 604 3609 αν
628 3556 673 3637 εἴη
696 3549 905 3626 Ἀριστοφάνης.
942 3507 1009 3607 ουδδ
1028 3573 1082 3622 γαρ
1101 3549 1150 3606 τὸν
1172 3547 1335 3622 Εὐριπίδην

190 3625 273 3679 τοῦτο
290 3618 522 3691 προφερόμενον.
550 3616 622 3676 άλλά
647 3642 697 3676 τον
719 3620 862 3677 Διόνυσον
891 3618 1072 3692 χλευάζοντα.
1112 3618 1188 3682 τινὲς
1214 3620 1260 3688 δέ,
1290 3615 1333 3677 ὅτι

190 3686 276 3759 ἐντῷ
288 3687 432 3759 Φιλοκτῆτ
463 3680 647 3758 ῆνδτόπος.
677 3689 707 3744 οἱ
724 3690 756 3744 δέ
776 3687 806 3746 έν
825 3694 858 3761 τῇ
874 3685 1027 3760 Ἰφιγενείᾳ
1046 3691 1081 3759 τῆ
1093 3684 1124 3744 ἐν
1137 3683 1249 3743 Αύλίδι.
1287 3685 1334 3759 έμ-

190 3760 289 3826 φαίκει
308 3754 342 3813 δέ
360 3757 411 3812 καλ
429 3710 555 3820 δύπολις
573 3761 656 3812 τούτο
676 3757 768 3821 εἰδώς.

449 3819 636 3895 άποφθαρελς
654 3824 685 3879 δὲ
706 3823 758 3880 δύο
777 3823 854 3896 κύβια
872 3827 921 3880 καὶ
941 3828 1070 3893 τέτταρα.

189 3895 271 3948 τοῦτο
290 3888 324 3947 δέ
336 3891 480 3957 Διόνυσος
496 3893 651 3964 ὑποβάλλει
671 3892 749 3963 αύτῷ
761 3893 925 3965 χλευάζων.)
957 3914 1027 3964 quae
1040 3898 1149 3948 inclusa
1162 3904 1237 3958 sunt,
1259 3914 1275 3946 ιι
1288 3912 1332 3945 eo-

189 3964 249 4016 δίεε
266 3966 437 4016 Ravennam
457 3966 565 4016 absunt.

273 4032 304 4083 17
323 4048 382 4099 sqq.
401 4035 621 4113 Etymolog'icum
639 4050 781 4098 mgnum:
802 4025 980 4111 Σκειράφια,
997 4025 1031 4082 τά
1050 4031 1168 4096 κυβεῖα·
1189 4021 1249 4096 ῆτοι
1271 4022 1332 4079 ἐπεὶ

190 4093 347 4166 σιείραφός
360 4117 414 4177 ρ,τις
438 4093 515 4152 ἐστὶν
539 4118 662 4167 οργανον
685 4095 869 4166 κυβευτικόν.
888 4089 908 4166 ῆ
925 4092 983 4150 α’πο
1001 4094 1171 4165 Σκειράφου
1188 4094 1266 4154 τινός
1283 4112 1332 4145 κυ-

189 4166 301 4234 βεντοῦ·
319 4159 341 4235 ῆ
358 4184 403 4220 οτι
422 4160 455 4220 έν
471 4168 511 4234 τῷ
528 4169 579 4236 τῆς
597 4165 748 4233 σκειράδος
765 4161 886 4233 Ἀθηνᾶς
903 4162 972 4234 ἴερῴ
990 4163 1020 4219 οἱ
1037 4164 1173 4236 κυβευταί
1193 4160 1322 4225 ἔπαιζον.-

268 4313 547 4402 5Ἇριστοφάνους]
564 4345 629 4381 ran.
650 4331 727 4381 1400
741 4318 754 4399 ΙΙ
774 4330 804 4383 14
819 4312 1002 4402 Σώφρονος]
1016 4325 1182 4381 δθΑΙινεαε.
1198 4314 1212 4398 ΙΙ
1227 4328 1262 4380 *λθ
1272 4305 1332 4374 Ἱπ-

189 4405 298 4493 πῶναξ]
316 4417 358 4470 86
376 4411 486 4484 Βατρλ.
502 4402 516 4490 ΙΙ
532 4418 565 4472 26
578 4405 750 4485 Σοφοκλῆς]
768 4411 912 4481 Nauplius
930 4413 986 4464 393
1004 4408 1118 4464 Nauck.
