2964 5002
664 395 768 435 111111
790 395 814 434 u
1189 336 1194 347 ⁹
1246 379 1304 436 441

166 566 325 605 numerum
334 545 431 618 addit,
447 565 537 623 quern
549 546 684 605 Isidorus
701 566 727 604 c.
740 546 869 605 XVIIII
885 557 913 615 l,
931 546 982 623 qui
998 549 1174 626 ceteroquin
1190 567 1256 604 curn
1272 568 1308 605 eo

166 649 321 725 congruit,
345 648 466 720 omisit;
496 646 607 706 deinde
634 647 672 704 de
694 647 767 705 selis
786 647 893 726 eclipsi
914 666 945 724 p.
968 656 1017 709 108
1034 647 1191 725 disputans
1209 649 1310 709 differt

166 748 205 807 ab
230 748 353 809 Isidoro
374 768 401 808 c.
423 749 505 821 XX‚'
525 749 580 807 sed
597 750 639 807 ita
653 758 762 806 utnon
782 747 905 807 divorsa
920 747 958 806 ab
981 767 1017 805 eo
1033 741 1135 808 trudat
1148 751 1203 809 sed
1218 752 1308 811 aliam

167 850 303 911 eiusdem
323 850 494 928 argumenti
509 859 627 928 partem
644 849 798 924 inlustret3
832 851 982 908 consentit
995 870 1099 910 rursus
1118 873 1147 931 p.
1172 863 1222 916 110
1242 874 1308 912 cum

166 951 284 1012 Isidoro
302 973 329 1010 c.
346 952 429 1012 XXI
444 950 482 1010 de
498 950 606 1029 eclipsi
623 951 731 1023 lunae,
747 952 806 1010 nisi
819 949 902 1032 qnod
921 951 979 1009 hec
996 951 1062 1008 leco
1079 952 1188 1012 Isidori
1206 954 1307 1034 dispu·

167 1055 241 1113 tatio
258 1053 353 1112 multo
368 1050 490 1112 uberior
503 1062 559 1112 cst.
589 1072 699 1131 nempe
716 1052 798 1132 apud
819 1051 1013 1112 scholiastam
1030 1051 1174 1132 absorpta
1196 1064 1243 1114 est
1260 1076 1306 1115 re·

165 1154 247 1213 Iicua
260 1160 333 1232 pars
347 1154 517 1231 fragmento
534 1154 616 1234 qnod
625 1153 793 1214 Censorino
810 1154 996 1232 adscriptum
1012 1162 1072 1228 est,
1089 1156 1120 1214 in
1138 1158 1222 1216 cuius
1237 1178 1307 1216 con-

167 1256 365 1315 tinuationem
381 1256 406 1316 is
422 1257 474 1335 qni
489 1256 607 1315 scholia
622 1257 653 1314 iu
675 1256 755 1314 hanc
770 1257 897 1313 formam
912 1255 1033 1333 redegit
1045 1278 1145 1335 panca
1159 1258 1255 1319 verba
1270 1280 1307 1319 ex

167 1357 320 1436 excerptis
335 1358 429 1435 priori
444 1355 513 1414 loco
528 1357 636 1435 positis
652 1358 814 1416 inmiscuit.
844 1356 953 1437 quibus
975 1358 1113 1418 omnibns
1131 1359 1308 1419 adducimur

166 1468 197 1518 ut
209 1479 273 1518 nen
289 1459 418 1518 alterurn
433 1459 563 1517 alterurn
578 1460 779 1538 exscripsisse
793 1457 847 1516 sed
864 1468 1024 1538 utrumque
1046 1481 1084 1520 ex
1108 1460 1216 1520 eodem
1231 1463 1307 1520 anti:

166 1581 223 1641 quo
239 1561 389 1637 scriptore
411 1561 550 1619 hausisse
571 1580 627 1618 sna
646 1569 822 1619 statuamus.
856 1559 936 1638 quod
958 1560 1101 1620 iudicium
1118 1544 1309 1620 confirmatur

168 1663 307 1741 sicquae
326 1660 365 1719 dc
383 1662 485 1721 Aratis
503 1661 680 1728 Pleiadibns
696 1661 810 1721 Orione
826 1661 905 1720 Sirio
923 1660 1073 1720 sideribus
1090 1665 1307 1742 potentissimis

166 1764 217 1835 (cf.
234 1762 396 1841 Ampelius
411 1763 441 1841 3)
459 1765 497 1824 ab
513 1776 641 1844 utreque
657 1765 843 1833 referuntur,
861 1763 1017 1844 inquibus
1034 1765 1162 1824 alterum
1177 1765 1306 1825 (111111111-

167 1867 227 1924 rins
244 1866 414 1923 orationem
430 1865 631 1945 supplendam
654 1866 767 1944 optime
786 1865 943 1925 adhibeas.

249 1966 382 2044 Seposui
402 1969 490 2027 unius
515 1967 570 2027 sed
591 1967 644 2025 vir
664 1967 850 2043 infringendi
871 1975 904 2024 ut
925 1966 1064 2034 Beckero
1081 1966 1202 2026 videtur
1219 1989 1307 2046 argu·

166 2072 258 2130 monti
270 2072 471 2141 mentionem,
488 2068 569 2127 unde
583 2067 796 2145 conligendum
812 2087 880 2127 esse
892 2077 979 2146 putat
991 2068 1187 2129 scholiastam
1197 2071 1308 2130 Isidori

166 2173 273 2233 librum
290 2171 499 2251 exscripsisse.
530 2170 695 2231 scholiasta
716 2171 795 2230 enirn
815 2190 845 2249 p.
873 2179 930 2230 108.
949 2178 997 2230 112
1013 2171 1101 2247 signa
1117 2174 1308 2250 tempestatis

167 2283 398 2335 enumeraturus
413 2272 519 2335 eadem
537 2273 725 2351 antiquorum
741 2271 915 2330 testimonia
931 2280 1057 2349 usurpet
1074 2293 1153 2353 qnae
1169 2274 1309 2334 Isidorus

167 2397 190 2435 c.
206 2375 371 2436 XXXVII
387 2385 486 2438 2—5
505 2372 639 2450 adponit.
665 2375 725 2432 iarn
744 2374 866 2432 inverso
889 2391 992 2431 eorum
1009 2373 1090 2451 apud
1112 2373 1308 2434 scholiastam

167 2477 272 2537 ordine
283 2475 413 2536 indicari
425 2475 729 2556 opinaturBecherus
740 2475 849 2533 Isidori
859 2474 967 2534 librum
978 2477 1005 2534 ei
1017 2475 1055 2534 ad
1065 2493 1185 2533 manum
1201 2477 1307 2536 luisse.
1338 2530 1345 2545 .

167 2581 250 2640 cuius
260 2579 430 2656 argumenti
442 2578 503 2637 vim
516 2595 583 2633 cnm
598 2596 658 2634 non
674 2577 857 2654 perspiciam
872 2584 934 2634 tum
946 2577 1077 2636 Beckeri
1092 2576 1233 2635 iudicium
1250 2577 1307 2635 lal-

168 2702 231 2741 sum
250 2701 319 2741 osae
334 2700 372 2739 eo
387 2681 471 2757 argui
487 2679 626 2737 existimo
645 2665 727 2755 qued
743 2679 830 2754 signa
848 2681 1038 2758 tempestatis
1054 2680 1085 2737 in
1101 2679 1166 2737 sole
1181 2687 1212 2737 et
1224 2679 1306 2752 Inna,

141 2800 145 2807 ·
167 2803 244 2864 quae
256 2783 394 2842 Isidorus
410 2783 475 2840 sine
492 2779 687 2838 distinctione
702 2781 832 2858 profert,
850 2782 1045 2841 ascholiasta
1072 2780 1170 2860 perite
1184 2800 1306 2859 separa·

168 2887 218 2943 tim
228 2892 408 2944 tractentur.
431 2881 542 2941 deinde
555 2880 721 2939 scholiasta
732 2882 877 2940 Varronis
890 2882 985 2942 verba
998 2883 1040 2962 (p.
1053 2889 1119 2953 237,
1140 2881 1170 2958 5)
1187 2884 1308 2962 puriora

168 2985 294 3065 praebet
305 3003 396 3064 qnam
408 2983 553 3043 Isidorus.
571 2991 652 3042 atne
667 2981 817 3040 Isidorum
829 3003 932 3043 rursus
944 2984 982 3043 de
997 2974 1162 3044 scholiasta
1172 2986 1308 3065 pendere

168 3097 315 3165 putemus,
327 3084 516 3164 praecedunt
527 3084 608 3163 apud
621 3105 689 3142 eum
701 3086 795 3162 signis
806 3086 836 3143 in
845 3086 911 3145 sele
925 3094 956 3145 et
964 3087 1038 3145 luna
1050 3090 1223 3165 testimonia
1231 3091 1307 3148 Var-

168 3190 253 3265 ronis
264 3197 295 3247 et
305 3187 432 3247 Suetoni
448 3186 487 3245 dc
500 3187 568 3245 aliis
580 3188 748 3264 praesagiis
759 3228 767 3253 ,
779 3207 906 3266 quorum
922 3207 979 3246 nec
990 3189 1062 3247 vola
1073 3210 1131 3248 nec
1145 3195 1308 3269 vestigium

169 3291 248 3370 apud
264 3289 461 3366 scholiastarn
476 3296 569 3347 extat.
599 3289 658 3346 iarn
674 3289 828 3348 nominari
849 3293 914 3349 eius
936 3310 1046 3349 nomen
1062 3312 1153 3372 quem
1176 3313 1308 3354 commu·
1330 3301 1332 3304 ’

158 3413 235 3452 uem
251 3401 405 3452 auctorem
425 3410 493 3449 esse
511 3390 620 3449 Isidori
645 3398 676 3447 et
691 3390 877 3451 scholiastae
893 3412 1071 3471 persuasum
1092 3393 1201 3455 habeo.
1229 3397 1308 3456 vidi-

169 3512 231 3552 mus
250 3495 330 3552 enIm
345 3492 496 3551 Isidorum
512 3493 658 3553 Suetonio
673 3496 910 3578 potissimumin
929 3494 1006 3553 libre
1024 3495 1061 3554 de
1080 3505 1188 3556 natura
1208 3519 1308 3558 rerum

169 3614 251 3654 usum
267 3614 346 3654 esse.
370 3596 453 3673 atqui
473 3615 539 3654 curn
556 3597 722 3655 scholiasta
736 3617 802 3654 eum
819 3617 855 3654 eo
871 3605 1019 3671 congruat
1035 3608 1065 3655 ct
1082 3601 1125 3657 ita
1140 3600 1262 3679 quidem
1275 3610 1308 3659 ut

170 3718 235 3757 curn
254 3718 316 3757 non
340 3697 378 3756 ab
393 3697 474 3756 illius
491 3700 671 3757 arroteritete
684 3698 820 3776 pendere
842 3708 963 3776 pateat,
985 3719 1046 3757 non
1066 3700 1218 3760 dubitabis
1234 3704 1308 3780 quin
1362 3696 1390 3735 ·'

169 3799 332 3857 scholiasta
349 3818 471 3879 quoqne
486 3802 524 3860 de
544 3802 670 3860 Suetoni
685 3802 779 3879 pratis
802 3820 881 3881 qnae
902 3799 941 3857 ad
964 3819 1048 3858 suani
1070 3822 1133 3860 rem
1154 3805 1308 3881 pertinere

168 3899 344 3959 viderentur
355 3900 554 3980 decerpserit.
568 3903 674 3960 eodem
687 3912 811 3960 arretore
822 3921 894 3959 usus
911 3902 1209 3979 estVergiIianorunr
1220 3905 1307 3963 scho-

168 3999 273 4060 liorum
304 4005 442 4061 recensio
473 4025 551 4083 quae
579 4004 684 4062 codice
712 4004 957 4082 Guelferbytano
988 4016 1250 4082 repraesentatur,
1277 4007 1307 4064 in

167 4084 285 4180 quade
307 4102 400 4162 lunae
420 4106 588 4183 praesagiis
612 4106 719 4165 eadem
737 4106 823 4164 Arati
844 4115 875 4163 et
894 4105 1011 4184 Nigidii
1028 4108 1201 4165 testimonia
1221 4105 1306 4165 adle-

167 4215 281 4263 rnntnr.
307 4222 387 4283 qnae
403 4206 520 4266 Isidoro
534 4209 585 4266 vel
602 4207 785 4265 scholiastae
803 4207 977 4267 Germanici
995 4208 1099 4267 deberi
1115 4229 1174 4267 non
1193 4208 1306 4286 poteris

123 4360 127 4367 .
168 4304 285 4377 dicere,
315 4325 383 4364 cum
402 4306 440 4365 ab
456 4309 513 4367 hoc
532 4318 610 4367 teste
626 4308 745 4366 illorum
765 4309 910 4368 memoria
931 4330 967 4369 eo
992 4307 1248 4387 expleaturquod
1268 4307 1306 4364 de

166 4405 242 4465 libro
258 4406 365 4484 Nigidi
386 4410 437 4487 qui
453 4408 509 4467 snit
525 4409 562 4469 de
582 4409 681 4468 ventis
699 4417 824 4488 quartus
846 4413 991 4470 certiores
1012 4430 1068 4468 nos
1091 4409 1195 4468 faciat.
1231 4427 1304 4488 quo-
