2964 5002
653 381 696 421 nu
718 381 834 422 eoerrs
1274 365 1314 425 67

167 604 231 641 sare
253 584 320 641 suit.
354 581 437 661 quod
459 601 560 660 aequo
581 583 680 639 animo
699 601 759 638 non
782 582 884 639 ferens
909 581 1058 657 Virgilius
1086 582 1193 640 iisdem
1214 585 1314 642 ualuis

167 669 261 725 allinit
289 670 401 746 quater
429 667 489 724 boc
511 667 707 744 principium:
746 666 807 722 ‘sic
827 684 882 724 uos
904 686 964 722 nou
986 665 1103 723 uobis)
1139 669 1315 745 postulabat

168 755 322 828 Angustus
342 761 376 808 ut
393 751 424 809 hi
449 769 558 809 uersus
580 750 814 827 complerentur
844 749 925 829 quod
944 770 1011 808 eurn
1030 752 1142 808 frustra
1156 750 1249 830 aliqui
1265 773 1313 809 co·

167 822 361 906 harlessem,
379 834 527 912 Virgilius
543 836 720 913 praeposito
736 834 902 892 disticho'
879 854 923 892 src
939 833 1110 893 subiunxit:

370 937 426 994 hos
441 954 499 1012 ego
516 934 686 993 uersiculos
701 935 775 993 feei:
791 935 860 992 tulit
872 935 949 992 alter
959 935 1099 994 honores.

414 1021 459 1078 sic
478 1039 535 1077 uos
553 1040 614 1077 non
629 1018 715 1078 uobis
735 1019 898 1077 nidificatis
916 1040 998 1078 aues.

414 1103 459 1163 sic
479 1123 535 1161 uos
553 1123 613 1161 non
629 1103 717 1162 uobis
731 1103 848 1161 uellera
863 1104 949 1162 fertis
965 1120 1047 1163 oues.

413 1188 457 1247 sic
476 1207 531 1245 uos
548 1208 610 1246 non
624 1186 712 1247 uobis
729 1187 911 1246 mellificatis
931 1208 1017 1266 apes.

415 1274 460 1331 sic
478 1292 533 1330 uos
550 1292 611 1330 non
626 1271 713 1330 uobis
730 1272 815 1330 fertis
832 1281 933 1330 aratra
948 1271 1052 1334 bones.

167 1395 225 1456 qno
243 1375 368 1450 cognito
386 1372 573 1452 aliquamdiu
590 1372 752 1451 Bathyllus
768 1373 884 1432 Rornae
907 1373 1012 1431 fabula
1029 1375 1101 1448 fuir,
1134 1375 1221 1433 Maro
1240 1394 1313 1433 uero

167 1459 338 1518 exaltatior.
358 1478 423 1516 curn
437 1460 464 1515 is
475 1457 640 1536 aliquando
656 1458 788 1515 Ennium
802 1457 833 1514 in
849 1477 937 1514 manu
952 1457 1081 1516 haberet
1094 1468 1313 1538 rogareturque

166 1544 312 1624 quidnam
331 1544 463 1612 faceret,
483 1541 640 1619 respondit
655 1561 688 1599 se
709 1545 813 1599 annun
833 1541 979 1618 colligere
1002 1542 1040 1601 de
1059 1539 1193 1601 stercore
1211 1544 1312 1600 Ennii.

167 1628 259 1686 hahet
284 1629 365 1685 enirn
385 1637 477 1705 poeta
497 1626 550 1684 ille
568 1628 706 1705 egregias
722 1626 890 1684 sententias
910 1626 965 1684 sub
986 1626 1088 1685 uerbis
1106 1648 1167 1685 non
1189 1627 1313 1684 multum

167 1712 293 1772 ornatis.
332 1711 532 1787 interroganti
547 1710 687 1788 Augusto
705 1729 764 1789 quo
784 1718 874 1788 paeto
892 1712 999 1768 ciuitas
1015 1712 1146 1770 feliciter
1164 1711 1312 1788 guberna-

166 1810 263 1868 retur,
281 1797 328 1855 ‘si
342 1793 583 1874 prudentiores’,
607 1796 721 1874 inquit,
738 1793 907 1853 ‘temonem
922 1795 1074 1853 tenuerint
1090 1804 1121 1854 et
1140 1795 1211 1853 boni
1226 1795 1329 1862 malis,

166 1888 406 1961 praeponantur:
422 1882 526 1958 itaquo
539 1880 642 1957 optimi
655 1899 724 1938 suos
737 1877 870 1937 habeant
881 1879 1022 1951 honores
1039 1880 1113 1938 nulli
1124 1889 1224 1938 tamen
1240 1879 1313 1937 alio·

166 1986 230 2024 rum
244 1966 353 2023 iniusti
366 1963 533 2044 quidquam
547 1964 621 2024 fiat?
638 1964 852 2036 atMecoenas,
870 1963 981 2044 ‘quid',
998 1966 1103 2044 inquit,
1117 1964 1247 2042 ‘virgili
1265 1983 1312 2021 sa-

166 2053 306 2109 tietatem
320 2049 433 2107 homini
448 2068 509 2106 non
524 2048 650 2106 affert?'
662 2046 806 2106 ‘omnium
817 2049 939 2120 rerum'‚
954 2048 1119 2128 respondit,
1132 2051 1197 2108 ‘ant
1209 2048 1312 2108 simili·
1370 2063 1374 2069 ·

166 2134 240 2192 tudo
252 2142 307 2192 aut
322 2133 485 2191 multitudo
498 2131 686 2191 stomachum
701 2132 775 2191 facit
786 2143 909 2210 praeter
920 2133 1115 2211 intelligere)
1133 2135 1205 2192 item
1221 2135 1313 2192 inter·

167 2218 304 2296 rogauit:
333 2217 411 2297 ‘quo
424 2225 516 2297 pacto
534 2218 601 2296 quis
619 2217 710 2275 altam
732 2217 914 2296 felicemque
934 2217 999 2276 eius
1020 2222 1170 2276 fortunam
1188 2234 1313 2276 seruarc

166 2302 307 2382 potest?’
327 2301 375 2360 cui
388 2303 490 2361 Maro:
508 2301 551 2360 ‘si
567 2310 712 2381 quantum
728 2302 840 2360 honore
858 2322 894 2360 ac
907 2301 1018 2360 diuitiis
1031 2302 1099 2360 aliis
1110 2303 1315 2382 praestantior

167 2390 221 2455 ait,
241 2396 330 2445 tanto
345 2386 530 2445 liberalitate
543 2387 698 2445 etiustitia
714 2386 789 2444 alios
805 2406 948 2465 superare
964 2387 1104 2445 nitatur.'
1123 2386 1230 2446 solitus
1250 2394 1316 2444 erat

168 2472 286 2545 dicere,
302 2471 418 2530 nullam
433 2470 574 2530 uirtutem
586 2471 818 2529 commodiorem
834 2470 947 2529 homini
959 2491 1027 2530 esse
1037 2471 1184 2550 patientia
1200 2491 1235 2529 ac
1248 2470 1314 2528 nul-

167 2559 225 2616 lam
246 2576 389 2637 asperam
414 2555 491 2614 adeo
521 2577 589 2614 esse
611 2557 777 2624 fortunam,
806 2577 896 2634 quam
916 2556 1081 2634 prudenter
1100 2555 1246 2635 patienda
1267 2556 1314 2612 uir

168 2644 252 2702 fortis
267 2663 330 2701 uon
349 2642 462 2699 uincat.
493 2661 582 2719 quam
598 2641 778 2699 sententiam
804 2641 833 2698 in
852 2641 955 2719 quinto
972 2640 1128 2700 Aeneidos
1145 2639 1286 2698 inseruit:

251 2775 326 2820 nate
343 2758 419 2831 dea,
437 2778 496 2839 quo
516 2760 579 2817 lata
595 2758 719 2816 trahunt
736 2758 955 2838 retrahuntque
971 2778 1144 2837 sequamur,

252 2844 401 2925 quidquid
419 2845 490 2914 erit,
507 2841 679 2920 superanda
694 2844 790 2901 onmis
806 2844 927 2900 fortuna
944 2843 1071 2902 serendo
1090 2854 1146 2902 est.

170 2969 232 3007 erun
251 2945 376 3026 quidam
392 2947 458 3003 eius
475 2945 589 3002 amicus
602 2943 755 3002 Cornificii
773 2944 803 3001 in
816 2964 884 3001 eum
907 2943 1070 3002 maledieta
1089 2954 1119 3002 et
1141 2944 1313 3002 inimicitias

170 3033 224 3091 sibi
240 3040 414 3090 enarraret:
440 3030 548 3106 tquam
565 3037 653 3105 putas
664 3031 688 3099 ²,
705 3028 817 3107 inquit,
835 3029 922 3087 ‘esse
941 3029 1064 3086 huiusce
1077 3028 1313 3086 maleuolentiae

171 3115 315 3176 causam?
337 3135 407 3172 nam
421 3132 520 3192 neque
536 3132 667 3191 unquam
682 3112 875 3170 Gentilicium
893 3112 1005 3170 offendi
1021 3124 1051 3171 et
1068 3133 1136 3171 erun
1153 3133 1230 3170 arno.
1249 3116 1311 3183 an',

170 3204 279 3283 inquit,
298 3197 441 3258 ‘Hesiodi
457 3199 627 3256 sententiae
646 3218 706 3255 non
723 3197 910 3256 meministi?
939 3197 992 3254 ubi
1007 3198 1063 3255 ait:

322 3313 371 3374 καὶ
390 3304 534 3413 κεραμεὺς
549 3319 673 3390 κεραμεῖ
684 3312 776 3372 κοτέει
793 3311 843 3372 καὶ
858 3312 971 3374 τέκτονι
988 3310 1098 3372 τέκτων

322 3398 370 3459 zai
387 3390 502 3476 πτωχὸς
517 3419 623 3480 πτωχῳ
643 3397 768 3474 φθονέει
783 3421 833 3457 και
826 3390 947 3470 ἀοιδὸς
964 3388 1068 3480 ἀοιδῷ,

170 3525 369 3584 architectum
386 3519 553 3578 architecto
568 3520 705 3578 innidere
726 3529 757 3578 et
776 3530 896 3597 poetam
918 3529 1036 3597 poetae.
1070 3519 1108 3578 de
1129 3519 1245 3589 nralis'‚
1269 3519 1314 3576 in·

170 3613 247 3690 quit,
276 3586 687 3665 ‘liraecusilleiritellexit
727 3625 797 3662 nam
820 3603 1218 3662 bonienulitioresaurant
1259 3602 1314 3661 sed

170 3712 361 3771 magnacum
378 3710 446 3748 mea
462 3688 551 3763 laude
572 3696 601 3744 et
617 3690 715 3766 gloria
735 3689 897 3747 uindictam
917 3689 946 3745 in
965 3709 1055 3746 manu
1072 3688 1180 3747 lralreo
1200 3688 1313 3746 maior(

171 3782 247 3838 eninr
268 3797 342 3836 cura
359 3775 462 3833 uirtuti
478 3772 632 3831 intendam
652 3783 742 3853 atque
760 3794 818 3852 quo
840 3775 1007 3849 elegantior
1022 3794 1078 3849 ego
1099 3775 1183 3844 haur,
1207 3794 1243 3831 eo
1262 3793 1308 3829 ue-

171 3864 339 3923 hortentius
354 3858 469 3917 inuidia
487 3861 662 3936 rurnpetur.’
690 3870 755 3917 erat
775 3860 914 3934 Augusto
933 3858 1091 3916 familiaris
1107 3858 1231 3917 Filistus
1249 3857 1312 3935 qui-

171 3952 236 4009 dam
253 3958 357 4007 orator
376 3955 405 4002 et
419 3944 535 4022 poesim
547 3943 739 4002 mediocriter
756 3943 827 4001 doct
816 3952 880 4014 tus
898 3963 945 4001 eur
937 3943 1117 4020 multiplex
1135 3963 1165 3999 ιι
1157 3943 1313 4020 ariumque

171 4028 322 4113 ingenium
341 4038 437 4098 erat,
447 4028 497 4108 qui
520 4029 651 4086 omniurn
673 4030 773 4085 omnia
792 4027 874 4084 diota
893 4027 1117 4104 reprehendere
1136 4026 1313 4095 conabatur,

170 4142 225 4179 nou
240 4129 272 4176 ut
289 4134 397 4174 uerum
413 4112 620 4188 dignosceret
644 4112 724 4192 quod
741 4113 883 4170 Socrates
900 4113 1002 4169 facere
1020 4112 1192 4180 consueuit,
1215 4109 1268 4166 sed
1285 4115 1316 4165 nt
1339 4112 1343 4118 “

171 4205 315 4264 eruditior
333 4198 453 4257 uideret
442 4208 498 4255 t.ur
528 4197 577 4256 hic
594 4197 768 4272 V,irgilium
785 4196 967 4275 ubicunrqna
990 4197 1152 4252 conuenire
1175 4155 1313 4262 dabatur,

169 4287 342 4349 maledictis
366 4281 543 4360 salibusque
570 4282 710 4340 uexabat.
750 4302 844 4360 quare
867 4281 918 4339 ille
936 4300 1029 4357 saepe
1053 4289 1104 4336 aut
1134 4275 1314 4334 tneibundus

169 4371 349 4435 discedebat
363 4376 416 4427 aut
432 4366 564 4426 suffusus
584 4366 700 4445 pudore
718 4364 849 4424 tacebat.
886 4385 991 4424 uerum
1014 4383 1081 4421 cum
1103 4362 1240 4436 Augusto
1262 4379 1313 4417 au-

1081 4457 1125 4522 5*
