2964 5002
498 360 721 402 uerrucarum
738 359 983 401 conscensurus
1242 341 1304 403 407
1345 395 1352 411 ,

166 523 224 572 eat.
268 513 435 572 Terentius
452 532 468 569 e
485 512 654 570 contrario:
670 531 755 586 quum
772 529 824 569 aas
836 512 973 584 facillime
988 509 1094 585 cryttis',
1115 531 1194 590 quae
1209 511 1305 571 verba

165 623 237 674 aunt
252 612 389 692 Adelph.
405 633 434 671 r.
451 624 519 674 sul:
542 621 687 692 recteque
709 614 767 671 boc
782 633 880 690 genus
902 613 1051 692 loquendi
1072 614 1134 672 iam
1147 614 1304 674 Adrianus

166 715 333 776 Turnebus
350 715 518 794 explicavit
534 714 700 773 Adversar.
716 726 779 786 xx,
795 724 839 777 33.

250 816 384 877 Versu'l
405 817 512 875 mirum
534 825 580 876 cst
600 816 809 894 planissimam
830 817 1016 876 sententiam
1037 819 1193 895 negotium
1207 818 1304 877 faces·

166 938 234 978 sere
257 918 416 996 Scaligero
438 919 563 997 Guyeto
577 918 708 978 Heinsio
732 919 908 978 Burruanno
930 921 1082 998 potuisse,
1104 920 1305 979 inutilissimis

167 1021 352 1081 coniecturis
378 1020 522 1081 librorum
547 1021 726 1099 scripturam
752 1020 998 1080 sollicitantibus.
1048 1021 1174 1100 Iosephi
1205 1030 1306 1080 autem

167 1122 331 1200 scaligeri,
356 1123 407 1202 qui
423 1122 525 1181 Porcii
540 1142 646 1180 versus
662 1142 680 1180 a
695 1140 729 1180 sc
744 1131 778 1180 ut
793 1123 836 1181 ait
851 1124 1014 1200 castigatos
1031 1122 1306 1183 animadversioni·

167 1222 222 1283 bus
248 1225 282 1283 in
303 1223 433 1283 Eusebii
455 1223 684 1300 Chronolcgica
702 1225 764 1283 suis
791 1224 920 1284 inseruit
942 1245 970 1303 p.
992 1232 1039 1290 134
1060 1223 1110 1286 ed.
1133 1227 1195 1298 alt,
1223 1226 1306 1305 quod

168 1325 293 1385 omnino
310 1325 425 1384 nullam
448 1325 480 1383 in
496 1325 553 1383 hac
573 1333 639 1384 tota
661 1324 869 1404 disputatione
894 1328 1083 1385 mentionem
1105 1327 1181 1386 feci:
1207 1329 1307 1387 faten-

169 1426 241 1487 dum
257 1435 304 1485 est
320 1436 444 1505 praeter
458 1447 551 1487 unum
566 1447 688 1486 versum
703 1438 836 1501 sextum,
857 1426 909 1487 ubi
931 1431 988 1485 ubit
1003 1433 1032 1486 in
1053 1431 1205 1488 Graeciam
1222 1439 1309 1521 recte

169 1527 281 1588 iudicio
299 1528 412 1602 edidit,
434 1530 467 1588 in
483 1529 609 1607 reliquis
625 1522 704 1608 qua'e
720 1550 776 1589 sua
790 1549 861 1588 usus
877 1531 1053 1589 coniectura
1067 1532 1229 1610 preposuit
1245 1552 1306 1591 onr-

169 1630 258 1690 nibus
275 1651 315 1690 ne
330 1651 423 1690 unam
438 1628 562 1710 quidem
579 1650 658 1710 quae
678 1632 803 1711 probari
825 1633 923 1711 possit
943 1632 1076 1691 litteram
1092 1653 1169 1693 esse.
1215 1631 1307 1712 Quod
1333 1712 1337 1718 ἱ

171 1752 237 1791 enm
250 1731 349 1793 libere
364 1733 525 1813 profiteor,
549 1752 612 1790 nen
634 1753 702 1792 esse
721 1733 892 1793 verendum
911 1744 986 1814 puto
1008 1755 1049 1793 ne
1070 1735 1109 1795 dc
1131 1738 1235 1814 magni
1250 1736 1308 1794 viri
1404 1752 1408 1763 '

171 1834 265 1913 plane
281 1832 387 1894 divina
403 1834 515 1892 virtute
531 1835 694 1913 quicquam
710 1835 874 1895 detrahere
890 1837 1118 1896 inreverentiae
1132 1837 1251 1897 videar.

253 1936 330 2015 Peg.
346 1937 402 2008 28,
424 1935 443 1995 a
467 1936 542 2014 quia
563 1948 645 1996 recte
663 1938 784 1995 Caecilia
799 1958 912 1997 nomen
933 1938 1023 2015 (item
1037 1947 1071 1998 ut
1091 1960 1121 2018 p.
1138 1948 1220 2013 29‚3
1240 1943 1309 1999 Coc-

171 2035 240 2113 citit)
257 2038 368 2097 Petrus
385 2037 519 2096 Crinitus
535 2039 695 2118 Liliusque
708 2039 866 2117 Gyraldus
881 2042 1081 2114 restituerint,
1099 2062 1175 2120 quos
1187 2052 1312 2122 praeter

171 2140 313 2218 Pighium
328 2148 359 2198 et
374 2140 515 2199 Vossium
531 2161 636 2200 omnes
652 2141 749 2199 secuti
763 2149 850 2214 sunt,
873 2140 1003 2200 dubitari
1027 2164 1089 2201 non
1106 2144 1221 2221 patitur
1234 2145 1310 2205 Hie·

171 2243 293 2322 ronynri
304 2242 481 2304 auctoritas.
505 2244 619 2302 Verum
634 2241 717 2301 idem
732 2262 799 2301 cum
811 2241 978 2302 Caecilium
994 2247 1150 2301 ‘mortitam
1162 2263 1223 2304 csse
1235 2268 1311 2306 auno

168 2352 375 2418 postmortem
401 2347 491 2402 Ennii
515 2354 542 2403 et
568 2349 652 2403 irrata
676 2346 839 2402 Ianiculum
871 2342 1027 2416 sepultum'
1054 2344 1171 2418 tradat,
1206 2350 1309 2425 gravis

173 2446 266 2525 longo
283 2466 323 2505 ex
336 2455 475 2524 tempore
492 2447 702 2507 controversia
716 2455 783 2506 orta
799 2454 859 2517 cst,
884 2444 1037 2505 Caecilius
1053 2447 1106 2525 qui
1122 2446 1229 2508 audire
1244 2451 1309 2509 Au·

173 2547 269 2615 driam
291 2548 522 2626 praelegentern
544 2549 725 2608 'serentium
749 2548 899 2626 potuerit:
927 2548 1052 2628 quando
1076 2548 1227 2608 Andriam
1247 2571 1311 2609 non

173 2650 271 2709 minus
294 2658 407 2708 eertum
433 2660 480 2708 est
500 2670 581 2709 ranno
604 2660 656 2713 588
677 2659 775 2709 actam
797 2670 888 2730 quam
902 2650 1037 2709 Ennium
1058 2659 1206 2709 mortuum
1227 2671 1310 2711 anno

174 2760 233 2815 585.
270 2751 335 2809 Aut
350 2751 441 2829 igitur
457 2752 574 2831 duplex
589 2752 645 2811 fuit
667 2752 705 2811 dc
728 2761 825 2811 morte
843 2751 971 2811 Caecilii
990 2754 1151 2830 memoria,
1175 2761 1226 2812 aut
1246 2773 1309 2812 cor*

174 2853 294 2932 ruptela
310 2853 386 2912 latet
401 2854 432 2912 in
448 2853 551 2912 verbis
567 2855 761 2933 Hieronymi.
788 2855 854 2913 Nec
871 2855 952 2913 eninr
967 2856 1020 2916 vel
1036 2854 1074 2915 de
1090 2856 1193 2934 priore
1208 2855 1312 2935 aliqua

175 2956 297 3015 actione
312 2953 452 3013 Andriae
468 2963 551 3014 recte
568 2957 733 3033 cogitatur,
751 2976 810 3015 nec
827 2955 866 3015 de
883 2959 1032 3015 annerum
1047 2958 1211 3017 intervallo
1229 2956 1311 3037 quod

174 3058 255 3117 inter
269 3057 511 3136 praelectionem
527 3059 590 3116 eius
607 3058 730 3118 subulae
746 3068 778 3117 et
791 3059 943 3117 actionem
958 3059 1181 3118 intercesserit:
1199 3059 1237 3118 de
1252 3080 1312 3140 quo

117 3202 120 3207 -
175 3158 379 3239 praelegendi
394 3159 523 3251 consilio
540 3159 676 3238 pluribus
693 3160 882 3239 disputatum
899 3169 945 3220 est
959 3161 1087 3238 I'arerg.
1104 3183 1135 3240 p.
1151 3171 1213 3226 329.
1251 3163 1313 3220 Ita·

176 3280 234 3341 que
250 3281 317 3321 cum
334 3261 438 3340 aliqua
458 3262 569 3320 lacuna
590 3261 730 3320 laborare
747 3264 838 3321 etiam
860 3264 999 3341 proxima
1013 3263 1198 3342 Hieronymi
1220 3263 1315 3323 verba

88 3440 93 3450 ⁴
177 3362 475 3423 O.F.Herma1inus
497 3364 664 3422 coniecerit
685 3366 943 3424 commentatione
964 3364 1004 3424 de
1027 3365 1224 3443 scriptoribus
1247 3367 1314 3426 illu·

175 3464 286 3525 suibus
308 3463 391 3544 apud
412 3465 635 3545 Hieronymum
657 3468 830 3525 memoratis
853 3466 1071 3543 Gocttingcnsi
1098 3468 1172 3525 anni
1197 3478 1262 3530 ress
1283 3489 1313 3548 p.

175 3575 263 3648 tsq,
286 3566 368 3626 baud
391 3567 453 3625 seio
470 3588 510 3625 an
533 3569 564 3625 in
581 3568 691 3652 eadem
707 3569 756 3626 via
778 3569 882 3647 paullo
904 3570 944 3627 sit
970 3569 1091 3646 longius
1112 3569 1315 3648 progredien-

178 3666 246 3730 dum
272 3668 526 3748 librariorumque
546 3690 653 3729 uranus
675 3669 715 3728 ad
738 3672 800 3729 tale
823 3671 886 3729 fere
910 3671 1083 3749 exernplum
1103 3671 1315 3732 emendanda:

177 3789 321 3832 nea'rvvs
342 3788 401 3830 usn
423 3790 504 3830 Anao
527 3790 605 3832 eos‘r
627 3792 754 3832 neuneu
768 3791 856 3832 sunu
877 3789 918 3831 111
929 3793 970 3832 ετ
991 3791 1086 3832 rvxrn
1101 3790 1171 3832 rra!
1184 3790 1219 3832 rs
1237 3793 1316 3835 mur·

178 3891 253 3935 evae
274 3890 447 3934 servaras:
477 3873 602 3952 quando
631 3894 730 3933 arrrrus
752 3882 971 3954 postmortem
992 3875 1087 3935 Ennii
1114 3877 1222 3935 tertius
1247 3878 1315 3956 ipse

177 3984 229 4059 ὁῦβ
243 3977 310 4036 fuit.
354 3974 440 4034 Nihil
456 3976 552 4049 euim,
578 3996 638 4055 quo
663 3986 833 4056 temporum
853 3975 1093 4054 discrepantiam
1116 3977 1200 4036 illam
1221 3996 1315 4057 expe·

180 4075 272 4150 diret,
296 4077 483 4155 disputando
499 4079 696 4137 llcrrnannus
713 4078 860 4157 profecit,
885 4097 951 4135 cum
973 4078 1013 4137 de
1028 4080 1132 4138 mortis
1155 4098 1236 4138 anne
1252 4080 1316 4138 En·

180 4179 290 4237 nianac
313 4178 423 4237 leviter
443 4189 552 4239 taxans
570 4179 730 4239 Ciceronis
751 4179 958 4238 testimonium
979 4179 1075 4260 idque
1098 4180 1214 4258 duplex
1228 4179 1316 4238 Bruti

181 4298 206 4337 c.
219 4289 268 4352 20,
285 4288 320 4342 78
341 4290 373 4338 ct
388 4280 498 4339 Caton.
515 4293 546 4353 5,
566 4291 611 4354 ll,
628 4254 684 4341 niel
696 4270 776 4340 adeo
792 4281 907 4359 triplex
923 4282 1003 4340 canl.
1019 4283 1104 4340 Brut.
1122 4290 1167 4352 18,
1184 4287 1233 4352 7‘2,
1255 4290 1317 4340 tum

182 4377 220 4439 (le
241 4380 408 4455 aedilibus,
432 4384 484 4461 qui
505 4358 836 4465 praelectab'rlndriae
856 4382 1069 4455 interfuerint,
1091 4381 1184 4440 valde
1207 4381 1317 4460 impro-

231 4513 349 4550 svrrreru
370 4514 433 4549 arr..
1075 4480 1115 4541 32
