2964 5002
334 390 574 435 svreteunurs
594 394 688 434 sisui
710 394 752 436 os
776 394 985 435 suruaxrrvsr
1009 396 1149 438 unsvers
1257 382 1319 444 263

183 550 260 596 utere
282 543 383 593 tunica
405 546 578 593 senectutem
602 544 740 609 deponere
763 550 846 608 etque
869 545 898 593 in
916 547 1059 594 iuuentam
1076 544 1168 593 redire
1189 544 1315 609 perhibe-

184 619 257 663 tntur.
295 612 413 661 tunicae
436 615 594 677 serpentum
617 613 734 661 exuuiae
763 618 969 677 nuncupantur,
1002 629 1034 662 eo
1059 612 1128 676 quod
1151 613 1186 661 iis
1211 614 1319 676 quando

182 688 320 731 senescunt
348 693 414 729 sese
443 683 558 741 exuunt,
588 680 687 744 quibus
714 681 790 729 exuti
812 681 840 728 in
864 682 1005 729 iuuentam
1027 680 1149 730 redeunt.
1191 680 1319 728 dicuntur

184 755 263 798 sutem
281 748 404 798 exunise
424 751 453 796 et
470 745 609 807 indutriae,
629 748 695 812 quie
708 752 842 797 exuuntur
855 753 883 796 et
896 745 1061 797 induuntur)
1094 747 1118 795 5.
1144 746 1199 795 ‘De
1218 749 1317 795 ucrmi·

183 815 242 865 bus?
273 814 301 865 l:
321 814 442 864 ‘Vermis
461 819 504 865 est
521 815 632 875 animal,
654 814 724 879 quod
742 816 902 881 plerumque
921 816 955 864 de
971 831 1054 864 cerne
1067 814 1112 863 uel
1126 815 1159 864 de
1178 814 1253 877 ligno
1273 814 1317 863 uel

180 883 205 933 le
221 897 393 949 quecumque
417 898 446 932 re
470 887 580 932 terrena
602 883 662 932 sine
685 882 741 931 ullo
765 884 914 933 concubitu
932 884 1068 949 gignitur,
1095 882 1164 931 licet
1181 895 1316 930 nonnum-

181 966 249 1018 qnsm
266 957 296 1001 et
318 950 354 1001 de
378 951 440 1000 ouis
458 955 608 1000 nascantur
626 957 657 998 ut
679 953 796 1016 scorpio.
833 956 897 999 sunt
923 958 1015 1000 autem
1032 965 1139 999 uermes
1159 958 1206 998 niu
1224 954 1315 998 terrae

181 1027 324 1085 setaquas
343 1022 394 1068 aut
412 1018 552 1067 aerisaut
570 1019 694 1068 carnium
714 1024 762 1067 crit
779 1019 915 1068 frondium
935 1023 983 1068 aut
1004 1017 1140 1081 lignorum
1166 1022 1213 1065 aut
1231 1018 1315 1065 uesti-

181 1084 345 1137 nentorum.’
393 1085 424 1134 ²:
452 1086 574 1135 ‘Arausa
596 1087 698 1135 uermis
726 1087 799 1135 neris
818 1087 853 1135 ab
883 1088 956 1136 aeris
985 1086 1152 1135 nutrimento
1176 1085 1316 1148 cognomi·

180 1162 250 1217 nats,
280 1168 353 1220 quas
383 1154 484 1218 exiguo
507 1168 621 1218 corpore
648 1153 732 1217 longe
755 1154 802 1202 iile
831 1153 953 1203 deducit:
991 1159 1018 1202 et
1047 1153 1122 1202 telae
1146 1168 1253 1216 semper
1276 1153 1315 1200 iu·

180 1228 246 1273 unte
274 1236 426 1287 numquam
456 1221 559 1271 desinit
587 1221 730 1280 laborare,
762 1227 921 1286 perpetuum
951 1222 1090 1270 sustinens
1120 1221 1148 1269 in
1177 1235 1226 1269 sus
1257 1224 1316 1268 arte

181 1287 378 1355 suspendium’
426 1286 457 1338 3:
495 1288 685 1353 ‘Sanguisupa
715 1291 815 1338 uermis
845 1289 978 1354 aquatilis
1007 1288 1082 1338 dicte
1112 1291 1177 1351 quis
1207 1288 1317 1350 sangui·

182 1372 233 1407 nem
265 1358 351 1423 sugit.
392 1357 553 1421 petentibus
584 1356 657 1405 enim
688 1356 847 1417 insidiatur,
885 1372 999 1424 cumque
1034 1355 1159 1405 illabitur
1189 1355 1316 1404 faucibus

179 1424 214 1475 tsl
240 1426 280 1475 ibi
305 1425 415 1489 uspiam
443 1423 634 1484 adhaerescit,
664 1424 827 1489 sanguinem
855 1424 960 1474 haurit:
992 1430 1019 1473 et
1049 1437 1109 1472 eum
1137 1424 1222 1472 nimio
1254 1437 1314 1471 eru-

179 1508 217 1543 ors
243 1492 400 1553 maduerit,
436 1492 465 1541 id
495 1493 597 1542 euomit
626 1491 697 1555 quod
726 1491 837 1553 hausit,
873 1498 903 1540 ut
939 1491 1122 1541 recentiorem
1153 1490 1241 1540 denuo
1271 1505 1315 1539 su·-

179 1557 237 1625 μ’
276 1561 308 1610 42
333 1560 533 1625 ‘Scorpio
553 1559 655 1608 animal
680 1564 815 1608 armatum
838 1560 951 1620 eculeo,
980 1565 1009 1609 et
1032 1575 1065 1607 cr
1090 1573 1122 1606 eo
1147 1573 1247 1623 graece
1266 1574 1312 1607 uo-

178 1634 267 1689 tetum,
286 1627 358 1693 quod
374 1626 465 1676 cauda
482 1626 549 1693 figet
566 1632 595 1675 et
615 1634 729 1676 arcuato
747 1627 860 1676 uulnere
878 1643 987 1677 ireneus
1004 1625 1148 1676 diffundat.
1174 1627 1315 1691 proprium

180 1702 263 1745 sutem
281 1700 327 1745 est
343 1695 496 1759 scorpioni,
521 1694 591 1760 quod
609 1710 705 1744 manus
723 1696 844 1759 pslmam
867 1711 920 1744 non
940 1692 1042 1745 scriat'
1078 1694 1109 1743 5:
1129 1692 1315 1743 ‘Cantharids

179 1764 271 1813 termis
293 1768 436 1824 terrenus,
465 1764 510 1827 qui
532 1762 651 1812 humano
675 1763 783 1827 corpori
806 1763 902 1812 stetim
925 1769 955 1812 ut
978 1762 1061 1812 fuerit
1085 1761 1242 1826 applicatus
1270 1763 1314 1810 sui

181 1830 317 1881 eductione
335 1830 447 1880 uesicss
470 1828 559 1880 efficit
576 1830 674 1895 plenos
692 1829 822 1879 humore’
858 1829 888 1879 δε
912 1830 1052 1895 ‘Multipes
1070 1830 1172 1879 uermis
1190 1837 1314 1879 terrenus

178 1912 206 1947 ex
221 1897 398 1949 multitudine
424 1897 523 1962 pedum
546 1903 676 1957 uocatus,
705 1900 751 1961 qui
775 1902 919 1947 contectus
943 1900 971 1947 in
995 1897 1104 1962 globum
1124 1898 1313 1963 complicatur.

178 1968 295 2016 nascitur
311 1965 363 2015 sub
381 1967 469 2030 petris
487 1980 520 2014 ex
537 1964 648 2014 humore
668 1970 697 2014 ct
714 1965 807 2015 terra.‘
844 1965 871 2013 7:
891 1967 1000 2015 ‘Limax
1017 1967 1119 2015 uermis
1138 1965 1196 2014 limi
1214 1966 1313 2027 dictus,

209 2033 242 2083 od
259 2035 289 2083 ln
306 2033 374 2082 limo
392 2032 438 2083 uel
456 2033 490 2083 de
508 2031 574 2082 limo
592 2037 733 2093 nascatur,
753 2033 826 2082 unde
845 2038 873 2082 ct
891 2034 1016 2083 sordidus
1034 2048 1143 2098 semper
1160 2039 1188 2082 ct
1200 2033 1313 2083 immun-

177 2048 371 2151 distensior!
411 2098 440 2149 8:
464 2100 598 2164 ‘Bombyx
622 2100 759 2149 frondium
782 2101 898 2161 uermis,
918 2117 952 2151 cx
970 2102 1048 2151 cuius
1066 2106 1180 2151 textura
1199 2101 1310 2165 bomby-

178 2168 256 2219 cinum
275 2167 429 2218 conficitur.
464 2167 621 2233 appellatur
639 2174 731 2217 sutem
750 2167 801 2218 hoe
820 2170 928 2218 nomine
948 2171 982 2219 ab
1003 2185 1035 2220 eo
1059 2168 1130 2234 quod
1150 2176 1309 2229 cuucuetur,

179 2236 234 2286 dum
246 2236 295 2286 tila
307 2240 427 2301 generat
444 2239 473 2284 et
491 2251 540 2285 aer
557 2235 632 2285 solus
649 2236 678 2284 in
698 2252 731 2284 eo
749 2235 912 2303 remaneat!
940 2236 969 2287 9:
990 2238 1091 2287 ‘liruca
1103 2237 1239 2285 frondium
1252 2251 1313 2286 ucr-

178 2303 222 2354 nis
237 2304 266 2354 in
284 2303 408 2355 oleribus
424 2301 471 2353 uel
488 2304 617 2367 pampino
635 2304 774 2363 inuoluta,
799 2304 834 2353 ab
858 2304 994 2355 erodendo
1013 2305 1104 2365 dicte,
1132 2304 1238 2367 deque
1257 2319 1313 2352 me-

177 2372 248 2421 mittit
267 2370 400 2421 Plautus:
428 2370 556 2420 Imitatus
582 2385 701 2434 nequem
723 2369 840 2420 bestium
864 2377 893 2422 et
920 2371 1076 2422 maleficam
1105 2370 1257 2419 inuolutam
1284 2371 1312 2419 in

176 2438 296 2504 psmpino
310 2437 413 2500 (cistell.
432 2437 499 2487 1111
513 2440 536 2495 6,
550 2441 604 2499 62).
623 2438 749 2503 implicat
760 2454 790 2487 se
804 2439 899 2488 eedem
913 2455 965 2489 nec
979 2439 1091 2488 aduolat
1104 2442 1134 2485 ut
1146 2436 1262 2497 locusta,
1282 2443 1313 2485 ut

176 2505 222 2556 huc
238 2506 361 2571 illucque
380 2505 537 2555 discurrens
555 2506 707 2571 semipasta
726 2506 862 2565 dimittam
886 2507 936 2555 sed
954 2511 1096 2572 permanet
1114 2505 1243 2566 perituris
1257 2505 1311 2552 iru-

175 2574 248 2637 gibus
260 2578 290 2624 et
306 2573 388 2623 tardo
404 2573 485 2636 lspsu
503 2573 645 2638 pigrisque
664 2575 799 2623 morsibus
817 2576 950 2623 uniuersa
970 2569 1125 2623 consumit.¹
1165 2569 1207 2619 10:
1227 2571 1310 2620 Tere·

177 2640 255 2691 dones
274 2641 378 2691 Graeci
400 2645 502 2690 uocant
524 2640 660 2704 lignorum
682 2655 804 2701 uermes,
834 2643 904 2705 quod
927 2642 1041 2691 terendo
1066 2640 1157 2688 erlant.
1194 2638 1243 2686 hos
1262 2653 1311 2687 nos

177 2711 294 2759 termites
312 2707 449 2758 dicimus)
487 2707 530 2756 ll:
551 2708 650 2756 ‘Tinea
668 2709 892 2758 uestimentorum
905 2710 1014 2769 uermis,
1035 2710 1109 2758 dictu
1129 2707 1199 2771 quod
1216 2711 1311 2755 teuent

174 2781 199 2826 et
209 2792 241 2828 eo
252 2790 341 2842 usquc
351 2776 488 2838 insident,
507 2776 595 2839 quoad
611 2776 715 2825 erodet.
738 2777 801 2826 inde
811 2778 938 2841 pertinnx
950 2777 1052 2827 dicitur
1069 2793 1102 2825 eo
1121 2774 1190 2840 quod
1203 2775 1232 2822 in
1246 2789 1311 2822 cau·

172 2843 226 2894 dem
237 2860 296 2894 rem
309 2842 460 2893 identidem
472 2842 590 2907 urgeat)
616 2842 647 2891 12
659 2860 730 2908 sqq.:
753 2845 874 2893 ‘Vermes
887 2846 1024 2893 carnium:
1042 2843 1228 2894 hemicranius
1240 2842 1307 2889 lurn-

171 2911 256 2962 bricus
270 2911 419 2961 ascaridae
439 2911 508 2960 costi
526 2910 647 2975 pediculi
666 2911 772 2975 pulices
791 2912 886 2961 leudes
899 2918 1003 2961 tarmus
1017 2913 1121 2962 ricinus
1134 2912 1197 2960 usia
1211 2911 1307 2958 cimex.

170 2979 352 3031 hemicranius
369 2978 472 3028 uermis
486 2979 587 3042 cepitis
605 2984 730 3028 uocutur.
767 2979 916 3028 lumbricus
934 2981 1033 3029 uermis
1046 2981 1239 3029 intestinorum
1253 2977 1310 3026 dic-

169 3052 210 3097 tes
226 3047 307 3112 qussi
325 3046 457 3105 lubricus,
477 3047 541 3109 quia
559 3044 663 3095 labitur
680 3047 725 3096 uel
745 3048 815 3110 quod
834 3048 862 3095 in
881 3047 980 3097 lumbis
993 3049 1038 3096 sit.
1117 3046 1238 3112 pediculi
1251 3061 1311 3094 uer-

170 3130 223 3165 mes
241 3116 314 3164 cutis
338 3129 355 3163 a
379 3113 495 3179 pedibus
523 3113 603 3163 dicti.
639 3115 710 3163 unde
737 3121 764 3163 et
787 3114 941 3179 pediculosi
959 3115 1098 3176 dicuntur,
1118 3115 1216 3179 quibus
1234 3113 1311 3178 pedi-

170 3182 221 3232 culi
239 3184 269 3232 in
287 3196 402 3247 corpore
422 3180 614 3230 clientescunt.
646 3183 752 3246 pulices
765 3197 830 3231 uero
842 3184 935 3232 uocati
950 3184 1018 3247 quod
1039 3198 1072 3232 cx
1091 3183 1203 3247 puluere
1223 3181 1311 3247 uragis

169 3252 330 3300 nutrientur.
429 3253 533 3297 tarmus
556 3250 658 3298 uermis
677 3256 719 3298 est
738 3249 817 3298 lardi.
848 3251 952 3299 riciuus
975 3251 1076 3299 uermis
1095 3257 1138 3300 est
1161 3251 1240 3299 esuis
1263 3265 1310 3298 uo-

169 3324 243 3367 cstus
263 3332 297 3367 eo
316 3317 388 3381 quod
405 3317 504 3366 haeret
526 3318 554 3366 in
578 3317 690 3366 attribue
708 3333 813 3366 cunum.
850 3309 928 3367 κύων
948 3319 1020 3367 eninr
1040 3334 1141 3383 graece
1161 3320 1239 3366 canis
1259 3322 1309 3366 est.

167 3386 225 3435 usis
247 3385 351 3433 hermis
370 3390 413 3434 est
429 3385 520 3448 porci,
542 3384 683 3450 appellata
703 3386 768 3449 quia
787 3385 850 3433 urit.
886 3401 951 3434 nem
969 3386 1017 3435 ubi
1036 3385 1220 3445 momorderit,
1241 3385 1310 3434 sdco

166 3450 238 3503 locus
258 3452 350 3513 srdct,
373 3458 405 3500 nt
426 3452 521 3501 statim
538 3453 578 3501 ibi
605 3453 717 3502 uesicae
736 3453 813 3501 liant.
850 3453 938 3502 cimex
961 3452 995 3503 ‹le
1019 3453 1200 3502 similitudine
1219 3454 1309 3501 euius-

165 3519 224 3570 dsm
241 3520 347 3569 herbae
369 3525 499 3579 uocatus,
528 3521 606 3568 euius
630 3520 747 3569 fetorem
770 3519 875 3568 imbet’
918 3519 963 3569 te:
984 3522 1108 3585 ‘Proprie
1133 3527 1225 3569 autem
1248 3536 1309 3569 uer-

168 3588 216 3637 nis
233 3589 264 3637 in
287 3602 371 3637 carne
394 3587 469 3652 putri
492 3588 616 3636 nuscitur
638 3588 715 3636 tinea
733 3589 760 3636 in
780 3588 955 3637 uestimentis
974 3603 1056 3638 eruca
1075 3589 1103 3637 in
1122 3588 1196 3638 olere
1214 3588 1309 3637 teredo

167 3654 287 3721 inligno
310 3660 415 3703 tarmus
438 3655 467 3703 in
492 3653 588 3704 lardo)
628 3654 671 3703 lu:
696 3656 819 3704 ‘l'crmis
838 3671 891 3703 mm
910 3661 940 3703 ut
958 3672 1072 3719 serpens
1097 3656 1202 3720 apertis
1220 3657 1308 3720 pessi-

167 3721 214 3773 bus
236 3723 283 3772 uel
306 3737 508 3786 squammarum
527 3723 633 3771 nisibus
654 3725 739 3788 repit,
766 3724 830 3786 quis
849 3738 902 3771 uon
923 3730 965 3772 est
990 3725 1031 3772 illi
1050 3724 1147 3788 spinae
1167 3724 1256 3788 rigor,
1280 3728 1310 3771 ut

168 3790 290 3851 colubro,
319 3788 370 3839 sed
397 3791 426 3839 in
449 3789 584 3839 directum
612 3790 768 3855 corpusculi
792 3791 834 3838 sui
858 3795 951 3854 partes
979 3792 1116 3856 gradatim
1145 3790 1310 3857 porrigendo

167 3862 332 3911 contrectas.
352 3857 538 3906 contrahendo
550 3863 702 3922 porrectus,
721 3862 822 3907 motum
842 3857 971 3921 explieat,
991 3859 1087 3924 sicque
1107 3860 1230 3923 agitatus
1249 3874 1309 3923 per-

165 3922 285 3975 labitur!
321 3924 347 3973 b.
372 3925 429 3973 ‘Dc
453 3925 595 3989 piscibus.¹
630 3929 659 3976 i:
686 3926 822 3974 ‘Piscium
845 3940 910 3974 uero
934 3933 1032 3990 posteu
1055 3927 1191 3991 pnrtlntim
1215 3926 1308 3990 cogni-

166 3993 200 4041 tis
216 3993 368 4058 generibus
385 3994 497 4041 nomina
517 3993 645 4043 instituta
664 4000 726 4042 suut
746 3999 793 4041 urit
813 4009 845 4041 cx
864 3993 1045 4044 similitudine
1064 3995 1235 4044 terrestrium
1249 3994 1307 4041 sui-

167 4060 289 4117 mslium,
316 4067 367 4109 sut
391 4074 424 4108 ex
447 4062 540 4124 specie
564 4063 676 4125 propriu
695 4063 754 4108 siue
774 4060 894 4109 moribus
912 4077 961 4110 seu
981 4062 1071 4112 colore
1089 4061 1134 4110 uel
1153 4060 1241 4125 figure
1260 4064 1309 4107 nut

167 4127 248 4177 sexu!
285 4128 322 4178 ei.
350 4127 474 4176 Ambros.
498 4128 560 4176 hex.
582 4129 604 4175 Υ
622 4129 646 4178 ’2.
683 4128 712 4175 5:
742 4127 798 4176 ‘Er
820 4127 1000 4179 similitudine
1024 4129 1194 4179 terrestrium
1217 4134 1246 4174 ut
1265 4142 1308 4173 ru·

166 4208 215 4245 nse
234 4196 331 4245 leones
357 4199 385 4242 et
407 4194 488 4242 uituli
512 4202 539 4244 ct
563 4197 635 4258 nigri
655 4194 776 4243 merulae
802 4202 830 4244 ct
853 4197 919 4258 puui
942 4197 1051 4246 diuerso
1071 4196 1171 4253 colere,
1191 4192 1261 4242 collo
1281 4199 1309 4241 et

166 4261 240 4314 dorso
258 4265 331 4329 picti
356 4265 385 4310 et
408 4262 481 4310 turdi
500 4263 636 4312 elbouerii
657 4270 683 4311 et
703 4268 797 4310 cetere
817 4277 887 4325 quae
912 4264 965 4313 sibi
985 4269 1062 4313 iuxta
1080 4263 1188 4327 species
1208 4267 1307 4309 terres·

166 4331 240 4381 trium
264 4327 434 4381 animalium
451 4332 562 4380 nomina
587 4332 773 4380 uindicarunt.
816 4345 848 4378 ex
871 4332 992 4381 moribus
1010 4330 1189 4385 terrestrium,
1212 4334 1243 4376 ut
1262 4342 1306 4375 cu·

166 4410 211 4447 nes
227 4400 255 4449 in
275 4398 349 4448 mari
368 4411 386 4444 a
404 4399 520 4448 terrenis
539 4400 655 4448 cunibus
674 4398 836 4463 nuncupati,
861 4399 930 4460 quod
944 4398 1093 4453 mordeant,
1109 4401 1136 4444 et
1148 4395 1216 4460 lupi,
1236 4395 1307 4460 quod
