2964 5002
148 327 188 388 40
269 333 273 357 ⁸
356 319 361 322 ⁸
522 346 564 384 ne
586 344 674 385 vrars
699 344 913 385 rsavsrarsvs

664 493 777 552 XVIII

55 593 133 666 25*
206 645 209 652 .
235 565 406 654 rranssrvs
425 590 597 653 mimorum
617 591 757 654 scribtor
777 590 902 653 decimo
917 611 1028 652 mense
1050 598 1124 674 post
1140 589 1293 653 Caesaris

151 693 316 757 inter-itum
338 691 483 754 Puteolis
505 692 641 754 moritur
665 698 704 766 (a.
730 700 809 770 711).

657 813 787 871 XVIIII

55 902 133 978 26*
234 926 417 974 rvsnrnrvs
445 910 689 994 mimographus
722 911 854 974 natione
878 909 981 994 Syrus
1008 909 1133 971 Romae
1162 929 1318 1009 scenam⁸

148 1020 238 1075 tenet
261 1019 299 1088 (a.
323 1022 400 1089 711).

234 1201 289 1257 25*
302 1206 485 1269 Hieronymus
499 1205 541 1270 01Ἰ
564 1204 625 1266 lsi,
644 1206 668 1253 2.
683 1205 841 1255 Macrobius
855 1204 911 1254 Sat.
931 1204 960 1253 II
977 1204 1007 1265 7,
1026 1204 1094 1253 2-5
1113 1202 1142 1269 (e
1156 1203 1295 1268 deperditi

151 1272 275 1329 Gelliani
294 1273 360 1321 VIII
379 1273 444 1322 libri
463 1289 523 1337 cap.
546 1272 599 1335 15):
621 1273 784 1321 ‘Laberium
804 1287 920 1336 asperae
939 1271 1081 1328 libertatis
1101 1273 1222 1336 equitem
1241 1272 1296 1320 Ro·

151 1356 260 1390 manum
284 1341 390 1389 Caesar
413 1341 572 1404 quingentis
596 1340 707 1388 milibus
731 1340 864 1389 inuitauit
887 1344 918 1388 ut
939 1338 1062 1404 prodIret
1083 1340 1113 1387 in
1136 1353 1249 1388 scenam
1269 1345 1297 1387 et

151 1409 209 1472 ipse
235 1413 332 1471 ageret
355 1409 450 1456 mimos
474 1423 540 1471 qnos
564 1408 751 1471 scriptitabat.
792 1407 841 1456 sed
869 1411 995 1471 potestas
1019 1422 1079 1473 nou
1096 1405 1184 1454 solum
1208 1406 1232 1454 si
1255 1407 1295 1453 in·

152 1476 223 1524 uitet
236 1475 284 1524 sed
298 1475 383 1524 etiam
401 1476 425 1523 si
443 1475 581 1539 supplicet
600 1475 688 1538 cogit:
707 1474 779 1523 unde
798 1489 827 1523 se
848 1481 876 1523 et
888 1474 1024 1522 Laberius
1043 1489 1060 1522 a
1074 1472 1196 1522 Caesare
1215 1488 1295 1522 coac·
1355 1494 1357 1499 ·

152 1551 209 1591 tum
228 1547 255 1591 in
275 1541 388 1607 prologo
407 1545 526 1591 testetur
543 1542 586 1590 his
604 1542 743 1591 uersibus:

303 1610 464 1658 Necessitas
483 1610 561 1658 cuius
580 1623 675 1658 cursus
692 1610 843 1663 transuersi
862 1609 993 1673 impetum
1012 1625 1035 1658 e.
1055 1625 1079 1673 q.
1097 1625 1119 1658 s.

152 1679 181 1726 in
204 1678 265 1742 ipsa
284 1692 390 1741 quoque
408 1677 519 1725 actione
538 1676 653 1725 subinde
672 1690 701 1725 se
720 1692 775 1740 qua
786 1681 896 1741 poterat
908 1675 1098 1725 ulciscebatur
1115 1675 1229 1724 inducto
1248 1674 1297 1724 ha·

151 1745 212 1794 bitu
234 1746 309 1807 Syri,
341 1745 387 1807 qui
411 1743 487 1792 uelut
510 1744 604 1807 flagris
630 1759 728 1792 caesus
751 1744 987 1808 praeripientique
1016 1759 1046 1792 se
1074 1742 1175 1793 similis
1200 1742 1298 1799 ,exola-
1319 1744 1320 1747 ’

151 1813 259 1862 mahat:

304 1878 388 1927 Porro
407 1878 542 1938 Quirites!
562 1876 722 1927 libertatem
740 1879 894 1943 perdimus,
931 1864 941 1884 ⁰

154 1953 183 1996 et
201 1945 283 2011 paulo
302 1949 364 2009 post
383 1944 499 1993 adiecit:
869 1984 874 1990 .

304 2013 426 2062 Necesse
445 2017 488 2061 est
506 2011 606 2061 multos
625 2013 723 2061 timeat
741 2028 821 2077 quem
839 2011 918 2062 multi
935 2013 1041 2062 timent.

154 2096 205 2144 quo
224 2079 298 2128 dicto
315 2079 483 2128 uniuersitas
501 2079 594 2144 populi
613 2079 648 2128 ad
665 2079 752 2129 solum
770 2080 920 2130 Caesarem
938 2079 1032 2129 oculos
1046 2084 1074 2128 et
1086 2095 1136 2128 ora
1148 2080 1297 2140 conuertit,

152 2152 282 2197 notantes
307 2147 490 2209 inpotentiam
510 2146 641 2196 elushac
664 2147 817 2197 dicacitate
843 2145 1018 2212 lapidatam’
1054 2146 1132 2195 Idem
1149 2146 1252 2196 ibidem
1270 2146 1299 2195 11

152 2214 181 2275 3,
204 2208 249 2261 lo:
279 2212 402 2262 ‘Deinde
415 2228 476 2262 cum
490 2215 626 2263 Laberius
644 2215 673 2262 in
691 2214 888 2264 tineludorum
906 2214 991 2264 anulo
1010 2228 1093 2263 aureo
1112 2212 1262 2263 honoratus
1281 2228 1299 2261 a

154 2282 275 2332 Caesare
296 2296 310 2329 e
328 2281 450 2344 uestigio
469 2282 497 2329 in
516 2282 736 2345 ‹prattuordecim
755 2283 790 2331 ad
808 2282 988 2347 spectandum
1001 2282 1113 2331 transiit
1131 2280 1237 2329 uiolato
1256 2296 1298 2329 or·

154 2349 232 2409 dine,
253 2353 281 2396 et
299 2362 360 2396 cum
373 2348 544 2397 detrectatns
564 2356 606 2397 est
625 2365 708 2413 eques
721 2350 860 2399 Romanus
880 2355 908 2399 et
925 2356 955 2398 ut
974 2350 1072 2398 mimus
1092 2349 1237 2410 remissus,
1258 2348 1299 2397 ait

154 2416 253 2465 Cicero
276 2416 466 2479 praetereunti
488 2417 609 2465 Laberio
635 2421 664 2465 et
688 2417 774 2478 sedile
794 2418 954 2481 quaerenti:
990 2416 1169 2480 Recepissem
1192 2415 1299 2464 te'uisi

155 2488 272 2548 anguste
297 2482 435 2543 sederem:
459 2483 539 2532 simul
564 2488 592 2532 et
610 2482 687 2532 illum
711 2500 843 2548 respuens
863 2489 891 2534 et
908 2486 936 2533 in
955 2499 1054 2533 nouum
1078 2488 1205 2533 senatum
1224 2483 1299 2532 ioca·
1353 2516 1357 2523 -

154 2557 210 2609 tus,
240 2550 319 2599 cuius
341 2565 481 2599 numerum
500 2550 605 2599 Caesar
622 2565 704 2615 snpra
723 2551 909 2600 ias‘armerat.
945 2567 997 2600 nec
1016 2552 1127 2615 inpune.
1157 2550 1301 2614 respondit

156 2620 227 2668 enirn
246 2618 397 2667 Laberius:
429 2619 545 2678 Mirum,
565 2619 589 2666 si
608 2623 725 2682 anguste
744 2619 839 2681 sedes,
865 2621 910 2682 qui
934 2618 1007 2668 soles
1026 2618 1132 2667 duabus
1155 2617 1233 2667 sellis
1257 2633 1300 2668 se-

155 2687 233 2745 dere,
262 2686 429 2774 exprobrata
447 2685 564 2734 leuitate
584 2685 743 2746 Ciceronis,
768 2701 821 2749 qua
841 2687 969 2735 inmerito
988 2687 1107 2750 optimus
1131 2686 1203 2734 ciuis
1227 2684 1300 2734 male

156 2752 295 2802 audiebat.
338 2752 413 2801 Idem
432 2752 534 2801 ibidem
553 2751 627 2813 116,
652 2750 683 2800 6:
722 2752 803 2801 ‘Cum
822 2754 909 2802 iratus
929 2768 990 2803 esse
1009 2755 1038 2802 P.
1060 2752 1173 2801 Clodius
1191 2753 1225 2801 D.
1247 2754 1300 2800 La·

155 2821 233 2869 berio
252 2818 403 2880 diceretur,
430 2820 499 2884 qnod
526 2821 551 2868 ei
574 2821 685 2869 mimum
709 2822 816 2884 petenti
835 2837 889 2869 uon
907 2821 1043 2870 dedisset:
1080 2819 1151 2881 Quid
1172 2819 1299 2883 amplius,

155 2886 258 2949 iuquit,
279 2886 345 2933 mihi
364 2888 489 2935 tacturus
509 2903 551 2949 es,
572 2888 625 2936 nisi
644 2893 675 2935 ut
693 2888 895 2950 Dyrrhachium
915 2904 975 2938 eam
994 2899 1019 2937 ct
1038 2887 1167 2936 redeam?
1204 2886 1301 2936 ludens

156 2953 191 3001 ad
208 2952 353 3001 Ciceronis
372 2953 507 3002 erilium.¹

239 3015 293 3069 211*
317 3020 500 3084 Hieronymus
520 3021 561 3069 ol.
585 3020 645 3079 181,
671 3023 694 3070 2.
739 3022 845 3071 Plinius
863 3023 896 3072 N.
916 3023 951 3071 H.
971 3022 1072 3071 XXXV
1098 3020 1158 3069 199:
1198 3021 1302 3071 ‘estet

156 3086 294 3136 uilissima
313 3088 406 3147 (creta)
430 3104 483 3151 qua
502 3091 604 3139 eIreum
627 3090 797 3154 praeducere
822 3090 857 3138 ad
881 3091 1018 3140 uictorIae
1042 3095 1135 3138 notam
1159 3089 1300 3153 pedesque

156 3155 296 3203 uenalium
316 3161 392 3204 trans
411 3159 499 3205 maria
518 3158 696 3207 aduectorum
715 3159 847 3211 denotare
867 3159 1047 3208 instituerunt
1065 3157 1183 3206 maiores
1204 3156 1300 3208 talem·

158 3236 209 3285 que
240 3220 388 3271 Publilium
418 3224 550 3274 Lochium
582 3225 709 3274 mimicas
738 3241 859 3276 scaenae
884 3226 1054 3275 conditorem
1078 3231 1106 3273 et
1130 3223 1301 3288 astrologiae

158 3290 350 3338 consobrinum
375 3291 433 3339 cius
456 3291 601 3341 Manilium
626 3293 803 3354 Antiochum,
829 3295 894 3343 item
918 3293 1117 3358 grammaticae
1142 3290 1301 3341 Staberium

159 3356 269 3405 llrotem
299 3356 395 3405 eadem
431 3374 502 3407 naue
537 3361 669 3409 aduectos
699 3360 793 3410 uidere
828 3359 951 3425 proaui.'
999 3359 1157 3409 Macrobius
1188 3362 1245 3408 Sat.
1274 3359 1302 3408 11

158 3424 185 3480 ἶ,
211 3422 278 3471 li-Il
301 3424 377 3483 (item
402 3425 518 3479 fortasse
545 3444 577 3476 er
606 3428 690 3478 Gellii
715 3427 780 3477 libri
808 3429 877 3476 VIII
903 3428 1040 3493 deperditi
1070 3443 1130 3491 cap,
1162 3425 1216 3480 lsi:
1261 3426 1301 3476 ‘Is

157 3491 294 3540 Publilius
312 3490 424 3540 natione
443 3494 539 3556 Syrus,
565 3510 626 3543 cum
644 3510 712 3560 pruer
729 3496 763 3543 ad
780 3502 926 3559 patronum
944 3495 1046 3544 domini
1066 3505 1139 3544 esset
1156 3493 1300 3554 adductus,

158 3559 308 3622 promeruit
327 3572 387 3605 eum
406 3575 460 3607 non
478 3561 567 3610 minus
591 3563 697 3612 salibus
716 3568 744 3610 01
763 3563 874 3626 ingenio
899 3579 979 3627 quam
1004 3563 1100 3610 forma.
1142 3577 1206 3610 nam
1231 3562 1302 3610 forte

159 3640 217 3673 cum
238 3624 285 3672 ille
304 3639 411 3674 seruum
431 3641 508 3676 surim
527 3628 704 3693 hydropicum
724 3631 862 3680 iacentem
882 3631 909 3679 in
929 3646 995 3679 area
1014 3629 1131 3678 uidisset
1149 3629 1302 3692 increpuis-

158 3697 267 3755 setque,
300 3692 364 3755 quid
388 3693 416 3740 in
439 3694 497 3743 sole
520 3696 642 3757 faceret,
675 3698 829 3761 respondit:
866 3700 971 3761 Aquam
996 3697 1138 3746 calefacit.
1186 3695 1302 3745 ioculari

100 3808 106 3815 ,
158 3759 257 3808 deinde
276 3775 359 3823 super
380 3776 450 3809 cena
472 3769 568 3811 exorta
593 3765 769 3827 quaestione,
795 3766 929 3829 quodnam
949 3770 1023 3815 esset
1039 3763 1182 3814 molestum
1206 3764 1301 3824 otium,

110 3848 112 3852 ’
159 3826 234 3875 aliud
254 3826 309 3874 alio
334 3827 464 3890 opinante
488 3828 535 3877 ille
554 3831 702 3896 Podagrici
726 3833 810 3897 pedes
829 3834 906 3882 dlxit.
949 3834 983 3882 ob
1002 3832 1073 3879 haec
1092 3837 1120 3880 ct
1139 3829 1196 3879 alia
1220 3844 1303 3880 manu

159 3895 257 3942 missus
276 3899 304 3942 et
321 3895 424 3944 maiore
443 3911 510 3944 cura
529 3897 664 3960 eruditus,
690 3914 751 3947 eum
769 3901 864 3949 mimos
882 3903 1050 3964 conponeret
1069 3898 1231 3963 ingentique
1257 3898 1303 3946 ad·

159 3962 291 4010 sessula
314 3960 415 4009 ItaIIae
439 3963 547 4027 oppidis
571 3981 653 4027 agere
677 3968 828 4030 coepisset.
860 3968 1008 4031 productus
1032 3966 1135 4014 Romae
1159 3982 1209 4030 per
1232 3965 1301 4013 Cae·

159 4030 229 4079 saris
254 4029 332 4077 ludos
356 4044 449 4078 omnes
478 4032 523 4093 qui
553 4037 623 4080 tunc
646 4035 750 4097 scripta
775 4041 803 4082 et
827 4050 926 4098 operas
953 4048 1018 4083 suas
1037 4034 1066 4081 in
1090 4048 1203 4082 scenam
1228 4033 1302 4082 loca·

159 4102 259 4147 nerant
280 4098 456 4161 prouocauit,
480 4105 509 4145 ut
532 4099 634 4163 singuli
652 4116 744 4149 secum
769 4104 860 4166 posita
881 4103 1001 4151 inuicem
1026 4101 1144 4149 materia
1162 4117 1211 4165 pro
1234 4106 1303 4150 tem·

158 4201 360 4211 ——-——

246 4250 385 4311 Caesaris
409 4254 528 4323 sorarai:
560 4251 593 4310 C.
620 4253 761 4310 Caesaris
785 4258 811 4310 B
833 4253 867 4312 C.
899 4253 968 4311 Iulii
989 4253 1133 4334 Caesaris
1154 4255 1230 4310 Scai.
1252 4246 1304 4334 [13

159 4335 310 4395 Publilius
325 4339 443 4409 scripsi:
461 4334 589 4394 Publius
607 4340 633 4394 B
650 4339 750 4409 (Scol.)
768 4333 781 4419 ΙΙ
795 4338 992 4415 mimograsus
1007 4341 1036 4395 B
