2964 5002
167 336 207 403 48
268 345 269 348 ’
374 346 381 358 ’
542 359 583 402 on
609 357 695 403 rrnrs
718 360 931 404 ranvsrrusvs

165 510 309 572 oratione
322 507 414 594 quasi
425 507 681 572 commendantis
695 506 929 588 seMacceuati‚
940 505 998 571 sed
1011 516 1147 593 utraque
1160 505 1311 596 falsapu-

164 620 213 686 to;
226 631 301 672 nam
314 608 397 691 elegi
409 606 572 691 uulgares,
585 607 723 695 epistola
734 609 830 671 etiarn
843 607 991 688 obscura,
1004 631 1067 694 quo
1079 609 1161 672 uitio
1175 611 1309 672 minime

162 708 344 772 tenebatur.
390 707 494 771 Natus
522 717 571 772 est
599 707 655 771 VI.
690 707 768 771 Idus
795 707 988 772 Decembris
1014 707 1052 772 L.
1083 707 1181 772 Cotta
1211 719 1243 772 et
1270 710 1308 773 L.

163 810 328 894 Torquato
350 809 553 889 consulibus,
583 810 724 873 decessit
748 809 788 872 V.
811 809 866 872 Kl.
896 808 1088 874 Decembris
1119 811 1155 874 O.
1183 810 1310 874 Marcio

164 909 344 975 Censorino
365 919 397 974 et
420 912 457 974 O.
482 911 598 974 Asinio
620 909 717 974 Gallo
738 908 928 973 consulibus
944 918 1018 996 post
1034 909 1098 995 (La
1122 911 1197 975 dies⁴
1211 933 1332 998 quamn

164 1010 338 1074 Maecenas
361 1010 456 1093 obiit)
484 1011 580 1074 LVII
608 1012 723 1075 aetatis
749 1032 851 1092 anno,
880 1011 998 1075 herede
1021 1014 1173 1096 Augusto
1200 1013 1310 1099 palam

163 1120 368 1198 nuncupato,
391 1134 464 1174 cunr
487 1120 624 1197 urgente
646 1115 681 1176 ui
700 1112 892 1176 ualitudinis
916 1134 981 1176 non
993 1113 1158 1178 sufficeret
1169 1114 1211 1179 ad
1223 1114 1309 1179 obsi-

163 1214 312 1299 guandas
334 1214 519 1277 testamenti
540 1213 688 1295 tabulas3
712 1213 887 1297 [humatus]
911 1223 944 1276 et
961 1213 1112 1279 conditus
1130 1224 1181 1279 est
1202 1226 1310 1280 extre-

163 1316 225 1378 mis
247 1313 407 1399 Esquiliis
424 1315 516 1377 iuxta
536 1314 736 1378 Maecenatis
758 1314 928 1378 tumulum.

653 1453 815 1512 XXVIIII

74 1566 150 1641 41*
252 1582 376 1628 vaarvs
396 1573 428 1628 ct
453 1565 562 1633 Tucca
579 1565 716 1649 Vergilii
734 1575 767 1629 et
783 1564 913 1629 Horatii
924 1566 1175 1630 contubernales
1195 1577 1346 1653 poetaero

164 1669 324 1759 habentur
341 1665 495 1729 inlustres
513 1671 552 1741 (a.
580 1676 663 1745 ‘737ss
696 1666 751 1750 qui
765 1665 933 1729 Aeneidos
951 1675 1065 1754 postea
1082 1666 1191 1735 libros¹
1204 1691 1312 1732 emen·

165 1768 284 1831 darant
307 1767 367 1832 sub
390 1766 464 1850 lege
484 1788 540 1849 ea,
564 1776 600 1830 ut
620 1766 702 1830 nihil
721 1765 890 1830 adderent.

249 1955 265 2002 4
283 1970 340 2018 sqq.
360 1954 545 2017 Hieronymus
564 1954 607 2003 01.
629 1953 691 2011 lar,
710 1953 726 2004 3
745 1954 880 2020 (a.'7M):
901 1956 1049 2005 ‘Horatius
1068 1956 1146 2005 LVII
1164 1958 1312 2022 (quinqua-

164 2024 270 2089 gesimo
289 2023 406 2085 septimo
419 2021 499 2081 Seni.)
519 2024 622 2071 aetatis
641 2038 707 2071 snae
727 2037 798 2071 anno
817 2024 919 2072 Romae
939 2022 1077 2072 moritur.'
1104 2024 1232 2074 ‘Biennii
1250 2041 1312 2090 pro-

163 2086 358 2140 chronismu's.'
390 2087 462 2138 scal.
488 2086 637 2151 Maecenas
657 2105 681 2138 a.
701 2089 751 2138 746
770 2106 862 2139 meuse
881 2096 911 2140 ut
929 2091 1039 2140 videtur
1056 2091 1213 2156 Septembri
1231 2093 1311 2142 obiit.

165 2159 201 2206 cf.
222 2157 335 2205 Cassius
352 2156 406 2205 Ilio
425 2155 473 2204 LV
491 2155 515 2204 7.

250 2220 303 2275 ll*
320 2225 505 2286 Hieronymus
524 2223 566 2272 01.
589 2223 644 2286 190,
663 2224 687 2272 4.
708 2223 773 2273 Ced.
793 2241 850 2290 reg.
871 2224 938 2276 7530
961 2224 1008 2274 sol.
1028 2224 1062 2274 28
1080 2225 1127 2287 (cl.
1148 2226 1311 2288 Quiclrerat.

165 2292 231 2340 bibl.
251 2293 284 2342 de
299 2289 395 2340 l'dcole
408 2289 457 2339 des
471 2291 582 2340 chartas
595 2292 608 2339 I
620 2308 646 2356 p.
660 2291 702 2351 52,
716 2292 942 2342 Sclureidewinus
954 2293 986 2342 N.
1000 2293 1051 2341 Bb.
1066 2294 1102 2342 M.
1117 2294 1130 2342 I
1142 2310 1168 2358 p.
1190 2293 1238 2345 107
1252 2311 1310 2359 sqq.

164 2360 301 2423 ltcrgkius
316 2356 354 2423 [et
365 2356 559 2423 Mommsenus]
574 2359 737 2408 Zeitsebrift
749 2359 767 2408 f.
781 2359 898 2409 Alterth.
914 2358 987 2421 1845,
1001 2376 1026 2424 p.
1040 2358 1097 2423 84):
1112 2360 1225 2426 ‘Inalpit
1238 2360 1312 2410 Thu·

166 2434 227 2477 estu
245 2427 331 2476 Varii.
356 2426 459 2474 Lucius
477 2426 578 2475 Varius
597 2432 778 2490 cognomento
795 2427 883 2476 Rufus
901 2427 1043 2490 Thyesten
1055 2429 1231 2492 tragoediam
1244 2429 1310 2489 (tra-

165 2495 231 2561 ged.
241 2531 262 2544 ..
277 2494 345 2556 cod.)
353 2508 454 2558 magna
465 2509 531 2542 cura
543 2493 696 2542 absolutam
710 2492 848 2554 (absoluto
858 2492 927 2555 cod.)
939 2485 1152 2559 post'Aetiacanr
1163 2497 1312 2546 victoriam

164 2564 282 2627 Augusti
304 2561 432 2625 (Augusti
455 2560 497 2609 Tb.
519 2560 700 2609 dlommsemcs:
720 2577 817 2624 aug...
836 2563 893 2610 cod,
914 2568 1031 2626 augusto
1055 2579 1119 2611 aran.
1139 2563 1247 2623 recent.)
1271 2563 1311 2613 iu-

165 2631 208 2678 dis
222 2631 281 2681 eius
295 2631 323 2679 in
336 2643 466 2678 scaenam
478 2628 555 2677 dedit
567 2630 613 2689 (stc
623 2633 731 2692 scripsi:
745 2629 772 2676 in
786 2644 890 2677 scaena
902 2629 988 2678 edidit
998 2628 1077 2692 eod.),
1090 2646 1139 2694 pro
1152 2630 1311 2694 quafabula

165 2699 323 2747 sestertium
336 2696 450 2745 deciens
469 2693 608 2759 accepit.”
623 2721 655 2728 -
667 2695 819 2758 Porphyrio
837 2696 865 2744 in
878 2697 943 2744 Hor.
959 2712 1042 2745 earm,
1057 2697 1069 2745 I
1082 2695 1107 2757 c,
1130 2697 1155 2745 l:
1180 2699 1251 2747 ‘fnit
1264 2714 1311 2747 an·

166 2773 221 2814 tern
234 2767 265 2813 L.
274 2765 375 2813 Varius
389 2768 417 2811 et
428 2765 488 2827 ipsc
502 2762 633 2810 carminis
647 2767 743 2811 auctor
756 2769 784 2812 et
796 2763 1002 2828 tragoediarum
1016 2769 1044 2814 et
1058 2764 1199 2829 elegorum
1212 2764 1310 2832 (elegi-

166 2848 242 2880 orum
260 2833 316 2881 eod.
338 2831 437 2892 Guelf.)
462 2835 559 2878 auctor
576 2829 694 2892 Vergilii
718 2830 949 2880 contubernalis’
986 2831 1027 2880 cf.
1053 2832 1154 2881 Corum.
1176 2833 1257 2898 Cruq.
1283 2834 1311 2881 in

167 2899 191 2946 b.
218 2899 249 2946 l.:
280 2897 343 2946 ‘luit
367 2902 459 2945 autem
483 2898 582 2945 Varius
601 2897 868 2962 tragoediographus
886 2898 987 2947 nobilis
1010 2915 1061 2949 nec
1081 2915 1135 2948 non
1154 2900 1215 2949 ecio
1236 2916 1312 2950 orum

166 2966 247 3025 (inaure
261 2964 409 3028 elegorum)
423 2966 540 3029 scriptor
558 2965 669 3012 Horatii
686 2964 854 3029 virgiliique
873 2965 1100 3016 contubernalis.'
1120 2918 1312 3028 Quintilianus

165 3033 190 3080 X
206 3031 227 3092 l,
240 3030 286 3080 98:
308 3031 379 3079 ‘Iam
392 3032 470 3080 Varii
488 3031 624 3094 Thyestes
644 3030 761 3081 cuilibet
774 3032 943 3082 Graecarum
958 3035 1112 3098 comparari
1126 3033 1236 3098 potest'
1256 3037 1310 3084 'I'a-

167 3101 237 3149 citus
256 3098 321 3146 dial.
344 3097 387 3146 1⁶2:
408 3100 469 3148 ‘nee
481 3098 554 3147 nllus
566 3099 656 3146 Asinii
669 3105 717 3148 aut
728 3099 869 3148 Messalae
882 3099 1023 3150 libertam
1035 3101 1159 3151 inlustris
1173 3110 1216 3151 est
1230 3118 1311 3166 quam

165 3167 266 3215 Medea
279 3165 373 3214 Ouidii
390 3172 437 3214 aut
453 3166 534 3215 Varii
545 3165 706 3229 'thyestes’
726 3167 762 3216 cf.
776 3167 915 3217 Martialis
935 3168 1001 3216 VIII
1021 3166 1059 3217 18.
1080 3169 1239 3219 Macrobius
1253 3173 1309 3220 Sat

167 3235 193 3282 11
211 3234 236 3294 -l,
255 3234 283 3280 2:
305 3235 416 3296 ‘postea
435 3234 466 3282 L.
480 3233 581 3283 Varius
594 3233 640 3297 (aa
653 3235 748 3284 eorend.
768 3235 911 3284 Weiclrerti
922 3237 954 3284 de
968 3237 1097 3285 Lael'err'o
1108 3255 1136 3300 p.
1158 3238 1185 3299 8)
1200 3244 1310 3303 tragoe-

113 3516 117 3525 ,
255 3464 264 3513 l
282 3452 423 3511 oracione
439 3446 488 3532 ΘΗ
503 3452 741 3512 commendantis
762 3460 784 3512 G
803 3454 1034 3516 commendoms
1054 3460 1082 3513 I).
1101 3453 1115 3539 ll
1136 3458 1311 3518 Maecenati

167 3543 196 3596 in
211 3540 238 3593 J)
253 3541 370 3596 evarrur't
392 3532 405 3617 ΙΙ
425 3537 564 3615 ultraque
589 3529 612 3594 U
629 3533 642 3618 Η
663 3538 819 3597 tuicioC
844 3534 857 3622 il
883 3551 901 3602 3
919 3538 1065 3600 decenbri
1087 3537 1139 3624 Cli
1161 3552 1179 3602 4
1200 3542 1310 3602 decen-

167 3623 229 3681 bris
246 3624 269 3679 G
285 3617 299 3703 ll
319 3623 435 3681 Marcio
452 3623 632 3695 Boagorsius
646 3627 685 3679 cd
696 3624 837 3681 Iustinum
854 3627 921 3682 XII
940 3632 984 3695 15,
999 3628 1200 3684 Coactubonus:
1213 3628 1311 3686 Mario

167 3711 234 3765 ueri
247 3700 261 3787 ΙΙ
274 3719 290 3769 5
304 3716 373 3784 post
391 3704 561 3763 -tabulas
583 3725 636 3764 om.
655 3701 699 3789 gl}
715 3716 784 3786 post
802 3709 850 3767 In
865 3707 929 3767 dies
947 3729 1036 3788 quarn
1053 3712 1219 3769 Maecenas
1239 3711 1313 3770 obiit

168 3790 382 3865 LVlllaetatis
394 3810 473 3848 anno
488 3794 608 3864 scripsi:
635 3802 705 3869 post
728 3794 887 3870 septimum
907 3803 938 3853 et
961 3795 1244 3873 quinquagesimum
1260 3816 1313 3854 an-

167 3896 238 3933 num
262 3877 377 3932 Viactus
394 3883 463 3953 post
478 3893 588 3931 nonum
600 3885 638 3932 ‘et
655 3878 939 3957 quinquagesimum
962 3898 1073 3937 annum
1093 3880 1160 3961 libri
1175 3875 1188 3961 ΙΙ
1203 3880 1313 3942 tibae·

168 4009 241 4070 rede
261 4010 288 4065 Ι)
303 4002 316 4088 ll
332 4016 512 4085 nunreupato
534 4009 556 4064 C
568 4002 582 4088 ΙΙ
596 4016 611 4070 7
628 4011 814 4071 ualetudinis
829 4017 856 4071 D
872 4008 884 4096 [Ι
900 3972 1006 4074 susi-eds
1028 4021 1051 4072 A
1067 4014 1080 4094 [l
1095 4013 1133 4072 ab
1149 4014 1311 4091 odsignan·

169 4094 224 4153 das
241 4097 268 4151 Ι)
285 4095 373 4165 (corr.
390 4107 465 4149 aran:
482 4098 559 4167 eod.)
578 4096 590 4171 {2
607 4095 778 4155 &humatus
801 4114 854 4156 om.
881 4101 1059 4171 Stephanus,
1081 4103 1188 4157 seclusi
1205 4094 1219 4180 ll
1234 4110 1251 4162 9
1266 4120 1313 4159 es·

168 4173 270 4259 qiiliis
291 4181 320 4234 E
340 4175 496 4257 aesquiliis
511 4182 593 4236 ABI)
614 4200 666 4238 aes
683 4181 784 4257 quillis
804 4186 827 4239 (7
844 4178 857 4264 l]
883 4195 914 4243 10
929 4184 1054 4241 Varrius
1068 4187 1094 4240 P
1112 4178 1125 4262 l}
1141 4193 1239 4262 ‘poeto
1259 4179 1312 4264 ΒΗ

169 4275 199 4324 ll
216 4264 349 4322 illustres
367 4263 467 4334 (Saul.)
484 4254 497 4341 ll
514 4263 668 4322 Aeneidos
683 4266 792 4346 Maius:
805 4265 976 4325 Aeneidum
996 4271 1024 4324 F
1037 4268 1112 4325 Scal.
1130 4268 1314 4328 Aeneadum

169 4349 225 4405 BP
249 4351 325 4407 Scal.
346 4357 464 4406 auctore
478 4343 492 4426 ll
502 4358 542 4409 -12
561 4368 598 4407 ea
610 4348 679 4424 lege
695 4349 771 4407 Scal.
