2964 5002
500 381 528 420 r.
544 378 725 420 amanuensi
741 378 982 421 connssrsmvs
1243 359 1304 421 523

167 536 225 607 tio,
246 553 326 613 quae
348 536 441 591 dicens
458 530 652 610 participium
676 539 747 609 apte
768 528 954 605 admitteret,
974 532 1145 591 omnino'in
1164 541 1304 611 promptu

166 656 227 697 non
243 643 318 707 erat,
335 635 432 694 satius
449 631 523 692 duxi
539 652 579 691 ex
594 652 632 692 ea
645 634 796 713 scriptura
814 633 953 707 efficere,
969 633 1050 713 quod
1068 634 1160 712 longe
1175 653 1304 693 commo·

167 739 322 799 dissimum
339 736 524 817 explicatum
539 734 682 808 haberet,
697 738 798 807 dicas,
821 737 1001 814 praesertim
1017 755 1084 794 cnm
1103 755 1241 796 caussam
1257 757 1303 795 er-

166 842 241 901 roris
262 841 337 899 satis
359 846 494 918 apertam
513 840 623 916 exiguo
647 836 810 898 intervallo
827 838 1015 916 praecedens
1037 841 1161 897 scribens
1180 840 1303 918 partici-

166 945 248 1024 pium
272 949 440 1001 monstrarc
462 940 627 1001 videretur.
648 973 691 984 -
711 941 824 1000 Venus
841 940 899 999 hoc
921 939 1036 1000 levius:
1057 940 1152 1001 multo
1173 941 1305 1019 graviori

168 1045 327 1105 offensioni
348 1063 416 1102 cum
437 1041 541 1103 dativo
563 1050 768 1103 constructum
788 1047 901 1101 similem
920 1041 1100 1101 vocabulum
1127 1044 1195 1102 fuit.
1237 1044 1304 1103 Nec

168 1140 247 1208 enim
263 1146 358 1205 alium
371 1145 431 1204 uisi
447 1147 622 1223 genetivum
643 1165 746 1204 casum
764 1145 796 1204 in
818 1145 876 1222 hoc
896 1164 1009 1221 genere
1030 1145 1214 1225 antiquiores
1235 1166 1303 1225 pro·

166 1249 266 1321 basse,
284 1247 388 1307 dedita
403 1266 496 1326 opera
513 1246 585 1306 olim
600 1247 807 1307 demonstravi
821 1247 921 1307 Musei
935 1248 1031 1305 nostri
1049 1247 1226 1326 philologici
1241 1248 1303 1308 vol.

166 1362 226 1422 vll,
245 1371 276 1430 p.
291 1359 344 1412 584
358 1369 423 1429 sqq.
440 1358 471 1408 et
488 1361 608 1429 vt11,p.
627 1359 677 1413 159
692 1369 757 1431 sqq.
791 1350 851 1410 Vbi
868 1350 1023 1427 congestis
1039 1349 1061 1408 e'
1069 1349 1180 1409 Plauto
1198 1359 1229 1410 et
1242 1351 1303 1410 'Pe-

129 1431 135 1445 ·
165 1454 262 1513 sentio
284 1452 432 1530 exemplis
455 1450 535 1511 adde
557 1472 574 1511 e
596 1423 822 1512 Ribbeckianis‘
837 1451 931 1530 copiis
954 1456 1147 1525 parasituum
1169 1456 1241 1509 simit
1266 1461 1308 1512 est

165 1555 276 1616 Naevii
296 1575 325 1612 v.
344 1563 392 1625 60,
411 1558 497 1628 pueri
514 1558 586 1612 simil
600 1571 630 1612 rs
650 1554 743 1612 Nouii
762 1575 791 1612 v.
808 1563 856 1628 62,
877 1557 1001 1627 sepulcri
1021 1557 1116 1613 umis
1129 1553 1254 1614 Laberii
1273 1576 1304 1614 v.

99 1649 103 1658 ¹
168 1665 230 1732 124,
253 1661 313 1716 ucri
323 1659 411 1714 simite
424 1655 553 1714 Pacuvii
568 1675 595 1714 v.
611 1662 678 1728 374,
702 1659 771 1715 nibil
784 1659 883 1716 torum
899 1661 1012 1715 similest
1030 1656 1138 1734 tragici
1152 1657 1261 1716 incerti
1275 1678 1305 1718 v.

166 1769 224 1824 wo.
264 1760 403 1837 Eamquo
425 1756 620 1816 construendi
642 1759 742 1836 legem
759 1758 918 1818 Afranium
942 1779 1064 1840 quoque
1083 1778 1223 1819 servasse
1240 1779 1304 1819 cer·

167 1863 281 1922 tissimo
306 1859 487 1919 documento
509 1870 597 1919 vetus
610 1861 768 1920 Parisinus
784 1870 847 1935 est,
867 1862 899 1920 in
918 1882 978 1941 quo
996 1862 1062 1938 ipsc
1080 1881 1171 1941 quem
1189 1863 1305 1940 expeti-

169 1984 233 2023 mus
248 1963 410 2042 genetivus
426 1971 526 2022 exstat
541 1967 654 2020 terentii.
692 1963 792 2041 Quem
810 1965 953 2045 quoniam
967 1964 1114 2022 Afranius
1130 1984 1190 2023 non
1207 1966 1307 2045 potnit

171 2069 231 2126 nisi
253 2064 349 2125 tribus
369 2063 496 2146 syllabis
518 2065 644 2138 efferre,
667 2066 755 2124 unius
776 2085 855 2144 quae
875 2067 934 2125 iam
957 2063 1148 2126 desideratur
1167 2066 1307 2146 syllabae

169 2170 287 2229 iactura
307 2165 474 2227 curandum
498 2176 563 2227 erat
585 2175 619 2226 ut
640 2165 791 2246 probabili
813 2168 987 2226 coniectura
1005 2170 1213 2231 resarciretur.
1256 2170 1306 2229 Dc

86 2304 89 2317 =
167 2289 255 2330 noenu
276 2270 373 2328 forma
387 2289 448 2328 non
463 2270 567 2349 inepte
586 2270 784 2345 cogitaretur,
800 2268 826 2328 si
843 2288 911 2327 cum
925 2269 1037 2328 Plauto
1057 2269 1143 2328 nobis
1160 2291 1209 2330 ras
1225 2280 1307 2331 esset

168 2373 217 2432 vel
232 2390 299 2431 cum
314 2371 505 2452 antiquitatis
521 2371 723 2448 sectatoribus
739 2371 877 2443 Lucilio,
894 2371 1048 2431 Varrone:
1074 2372 1240 2431 tersissimo
1261 2382 1305 2431 to·

167 2484 304 2553 getarum
323 2482 433 2553 poetae
449 2473 533 2532 illam
549 2473 682 2534 tribuere
699 2475 749 2533 vix
765 2474 925 2554 quisquam
948 2473 1036 2532 ausit.
1073 2472 1135 2532 Sed
1157 2493 1211 2532 nou
1228 2473 1307 2534 litte·

168 2579 207 2637 ris
227 2596 297 2635 cum
316 2576 407 2635 facile
423 2575 593 2634 hauriretur
612 2595 663 2635 con
683 2575 819 2657 syllaba,
842 2574 918 2633 nihil
934 2595 1001 2635 esse
1021 2575 1189 2655 simplicius
1208 2576 1306 2635 visum

169 2687 214 2738 est
235 2698 326 2761 quam
340 2677 463 2736 Afranii
484 2698 607 2737 manum
624 2679 668 2737 sic
687 2679 820 2737 restitui:
845 2680 961 2735 Terenti
981 2698 1035 2737 non
1058 2681 1241 2736 consimilem
1263 2682 1305 2736 di·

167 2800 227 2840 cns
248 2786 412 2856 quempiam
447 2780 515 2839 Nec
532 2781 613 2839 enirn
636 2781 773 2860 proiecto
791 2780 853 2839 alia
872 2780 1066 2840 consurrendi
1081 2781 1198 2839 ratione
1216 2785 1306 2839 consi-

168 2888 237 2942 milis
260 2891 354 2963 atque
374 2887 470 2940 simitis
491 2891 522 2941 et
543 2886 679 2941 dissimilis
700 2892 854 2960 reguntur.
893 2884 1003 2962 Itaque
1025 2884 1055 2942 in
1071 2883 1205 2961 Vopisco
1225 2880 1306 2942 idem
1390 2914 1394 2921 ·

168 2986 314 3045 Afranius
330 2983 410 3064 apud
427 2984 596 3044 Charisium
611 3006 641 3064 p.
662 2994 712 3049 193
729 3006 758 3043 v.
772 2991 825 3048 398
841 2984 949 3045 Ribb.:
978 2986 1082 3060 Vtrique
1096 2990 1238 3060 repeiruno
1252 2987 1305 3043 lni-

167 3093 209 3146 ius
227 3091 366 3146 consimile
387 3088 494 3145 decidit.
523 3088 602 3146 Item
617 3086 744 3146 Plautus
762 3087 850 3166 Oapt·
875 3096 924 3149 116
944 3088 1028 3145 Libir
1043 3092 1169 3162 captiuos
1190 3086 1252 3146 riuis
1266 3096 1309 3147 cst

168 3189 315 3249 masimilis
328 3193 418 3265 seruc.
452 3189 495 3248 Et
511 3210 537 3247 v.
557 3195 590 3250 14
610 3194 677 3247 Auis
691 3191 736 3248 mi
752 3192 836 3264 seruc
849 3191 1017 3248 consimriem
1031 3193 1137 3264 sadum
1151 3200 1181 3248 ut
1192 3192 1306 3265 prasidi-

167 3311 226 3352 cas.
258 3291 326 3350 Nec
340 3291 504 3350 Terentius
518 3291 607 3350 aliter
620 3291 765 3350 Heauton
779 3292 875 3351 timor.
891 3299 944 3355 393
960 3294 1062 3362 Ouidius
1081 3309 1139 3350 mos
1153 3293 1309 3351 manumisi

169 3397 316 3454 mucimus
333 3396 464 3451 teristrum.
498 3392 616 3452 Ibidem
636 3414 663 3451 v.
682 3403 733 3456 382
751 3414 819 3453 cnm
834 3395 1010 3472 vulgaretur
1024 3400 1069 3452 isti
1081 3397 1195 3469 formae
1208 3403 1239 3453 ut
1251 3414 1307 3454 mu·

174 3515 221 3556 res
246 3499 399 3555 cmisimites
419 3496 528 3569 forent,
556 3515 658 3555 errore
678 3504 794 3555 tantum
819 3497 936 3556 iteratis
963 3501 1008 3554 isti
1035 3495 1162 3577 syllabis
1185 3516 1307 3556 versum

168 3598 390 3658 Fleckeiscuns
406 3597 450 3654 sic
468 3596 624 3656 liberavit:
650 3589 689 3657 'Id
708 3607 736 3657 tu
754 3618 834 3673 quom
852 3600 993 3672 studuisti,
1013 3601 1125 3674 surmus
1139 3608 1170 3656 ut
1188 3619 1224 3655 m.
1244 3602 1308 3674 cs.

170 3700 355 3761 construere
370 3699 508 3758 nesciunt
525 3701 578 3779 qui
593 3700 728 3759 dativum
742 3701 852 3760 Plauto
868 3701 1003 3760 tribuunt
1017 3700 1306 3776 Poen.1v‚t‚init.:

170 3805 245 3863 Su'tis
258 3810 437 3877 spectatumst
455 3803 519 3859 deu's
536 3811 617 3876 atquc
637 3806 759 3861 homiues
775 3805 835 3862 c'ires
854 3807 996 3878 irreleperc
1016 3804 1153 3878 prritium,
1172 3806 1244 3874 Quoi
1258 3807 1306 3862 ns-

169 3911 260 3964 miru'st
277 3907 344 3962 ersis
363 3906 510 3962 concinitis
530 3905 607 3963 rse'lut
626 3924 674 3981 spo
696 3908 781 3965 liabeo
802 3909 876 3964 bunc
895 3907 977 3971 litiirrs
998 3909 1082 3965 modi:
1113 3905 1164 3964 ubi
1186 3914 1308 3984 practer

170 4005 404 4084 lexicographos
429 4014 545 4066 nostros
566 4026 654 4065 nemo
676 4028 736 4065 non
763 4005 848 4066 videt
874 4006 915 4065 ad
940 4018 981 4066 est
1002 4008 1156 4087 pertinere
1179 4007 1306 4080 dativus,

171 4129 237 4170 cnm
256 4112 330 4167 natust
350 4108 460 4167 sociari
475 4112 631 4166 consimilis.
668 4108 786 4168 Primus
802 4106 882 4188 quod
900 4109 1030 4168 sciamus
1047 4111 1178 4184 Accius,
1201 4109 1256 4169 sed
1275 4110 1307 4168 in

172 4211 260 4271 rebus
285 4208 511 4289 comparandis,
534 4229 594 4267 non
609 4210 640 4268 iu
660 4211 815 4288 personis,
834 4208 968 4268 dativum
990 4211 1111 4270 admisit
1124 4209 1255 4271 Medeae
1276 4232 1305 4271 v.

171 4321 237 4375 405:
272 4313 383 4370 Siluani
408 4317 476 4371 ariolo
499 4310 512 4392 Η
532 4311 704 4369 Consimitem
725 4314 765 4368 cul
785 4316 864 4369 nuris
884 4311 995 4369 crinium
1018 4322 1044 4370 st
1065 4317 1188 4371 nuditum
1207 4316 1305 4387 refert.

171 4412 263 4495 Apud
276 4414 451 4474 Lucretium
467 4414 603 4495 quidem,
620 4413 672 4494 qui
694 4432 746 4471 cur
766 4413 797 4471 in
818 4410 1021 4472 construendo
1040 4417 1136 4472 similis
1154 4412 1305 4474 vocabulo
