2964 5002
165 353 183 414 8
540 369 583 408 or.
606 367 693 407 vrnrs
718 350 949 410 runvsrnrsvs‘
1013 339 1019 350 ’

164 516 335 581 cinalibus.
374 537 449 578 nam
472 523 586 600 postea
605 535 702 599 quam
719 536 762 577 ex
783 516 873 597 agris
893 512 1042 576 Athenas
1061 513 1309 597 commigratum

166 629 232 698 cst,
248 628 280 682 et
297 618 330 681 hi
345 616 414 680 ludi
430 617 568 679 instituti
588 624 678 691 sunt,
694 616 780 678 sicut
794 614 918 678 Rornae
939 613 1150 699 conpitalicii,
1174 613 1246 699 (ubi
1261 616 1310 677 ui-

166 721 246 803 cini)
270 719 311 781 ad
330 717 510 782 canendum
524 716 713 803 prodibant,
735 725 768 779 et
785 715 827 779 ab
847 715 973 779 urbana
988 711 1083 799 κώμῃ
1101 713 1157 780 καὶ
1174 708 1244 804 ᾠδῇ
1259 740 1310 782 οο-

165 821 294 885 moedia
315 819 404 883 dicta
426 827 490 881 est:
514 817 568 882 uel
587 817 673 904 qued
689 819 723 881 in
746 839 786 881 ea
799 816 995 893 uiculerum,
1016 817 1118 881 idest
1139 817 1311 882 humilium

165 913 336 1000 domuum,
367 921 517 985 fortunae
552 918 873 1004 conprehendantur,
907 941 973 983 uon
1005 927 1043 983 ut
1076 919 1111 980 in
1139 918 1332 1003 tragoedias

165 1022 370 1111 publicarum
392 1022 638 1107 regiarumque,
682 1019 735 1084 nel
757 1011 823 1083 ἀπὸ
845 1018 908 1083 τοῦ
926 1015 1057 1102 ιιω’μου,
1081 1019 1185 1084 idest
1205 1043 1310 1085 come-

167 1125 308 1199 satione,
333 1123 509 1209 quiaolim
531 1124 567 1186 in
589 1122 769 1186 eiusmodi
798 1120 921 1185 fabulis
949 1123 1126 1185 amantium
1154 1121 1313 1185 iuuennm'

166 1224 271 1308 κῶμοι
287 1223 498 1288 canebantur.
521 1232 596 1288 sunt
618 1224 673 1310 qui
696 1222 800 1287 uelint
818 1223 1050 1309 Epicharmum
1068 1224 1104 1285 in
1122 1223 1189 1287 Coo
1202 1221 1312 1286 insula

165 1326 353 1391 exulantem
380 1326 520 1412 primum
549 1325 610 1416 hec
634 1346 764 1389 carmen
793 1324 1036 1411 frequentasse,
1064 1333 1097 1388 ct
1128 1325 1176 1387 sic
1203 1323 1310 1387 aCoo

165 1429 367 1493 comoediam
380 1427 463 1490 dici.
1009 1453 1015 1463 ·
1203 1482 1210 1493 ,
1321 1442 1343 1484 ιο

252 1528 430 1594 Comoedia
452 1551 473 1591 a
498 1526 667 1614 tragoedia
695 1525 821 1608 differt,
855 1525 941 1612 quod
965 1528 999 1590 in
1019 1524 1191 1610 tragoedia
1210 1525 1310 1589 intro·

168 1632 332 1696 ducuntur
350 1630 464 1694 heroes
483 1629 583 1693 duces
598 1651 707 1713 reges,
737 1629 771 1692 in
787 1627 956 1692 comoedia
975 1627 1112 1691 humiles
1131 1635 1228 1712 atque
1246 1627 1310 1712 pri-

73 1764 80 1774 ·
164 1742 261 1797 ustae
284 1733 489 1819 (personae)3
512 1731 546 1794 in
570 1729 628 1793 illa
646 1731 751 1793 luctus
768 1727 869 1793 exilia
887 1728 1024 1810 caedes,
1048 1730 1082 1792 in
1103 1729 1164 1792 hac
1184 1749 1310 1790 amores
1368 1758 1372 1767 ·

165 1835 329 1919 uirginum
353 1841 465 1918 raptus
490 1832 669 1918 (nuptiae).¹
684 1830 803 1895 deinde
825 1829 911 1916 quod
934 1831 968 1892 iu
990 1828 1049 1893 illa
1067 1829 1258 1916 frequenter
1279 1836 1312 1891 et

166 2067 266 2138 ἔσχηκε
284 2070 385 2136 κλῆσιν
397 2061 528 2134 εὐλόγως.
556 2070 711 2121 Euanthius
723 2070 756 2120 de
776 2071 885 2122 fabula:
913 2069 963 2119 ‘At
980 2075 1047 2119 uero
1066 2070 1185 2120 nondum
1204 2069 1340 2135 coactis,

165 2143 194 2191 in
228 2140 322 2189 urbem
349 2139 579 2199 Atheniensibus,
616 2154 677 2188 cum
706 2137 828 2202 Apollini
859 2139 956 2188 Νοιιιὶο
986 2137 1031 2186 uel
1061 2133 1204 2189 AfTAOu
1230 2128 1319 2198 (immi

164 2199 275 2272 Ἀγυιεῖ)
295 2206 322 2255 id
341 2213 383 2257 est
400 2212 540 2271 pastorum
563 2207 769 2270 uicinorunrquc
787 2206 908 2269 praesidi
927 2206 994 2268 deo,
1018 2206 1184 2255 constructis
1203 2204 1260 2253 aris
1282 2203 1310 2252 in

164 2276 293 2325 honorem
312 2274 424 2324 diuinae
448 2275 489 2323 rei
503 2274 604 2323 circum
619 2275 729 2324 Atticae
744 2275 822 2323 uicos
836 2273 919 2323 uillas
935 2288 1023 2339 pagos
1042 2280 1070 2323 et
1081 2273 1201 2338 compita
1212 2272 1310 2321 festum

166 2358 276 2392 carmen
295 2342 465 2392 sollemniter
483 2347 644 2403 cantarent,
664 2346 725 2392 orta
743 2346 787 2390 est
805 2340 962 2403 comoedia,
989 2331 1047 2391 αἰιὸ
1065 2340 1121 2390 τῶν
1143 2337 1244 2403 κωμῶν
1262 2333 1311 2389 καὶ

165 2409 215 2476 τῆς
233 2400 310 2475 ω’δῆς
328 2411 480 2475 composite
498 2410 622 2474 nomine,
641 2409 686 2460 uel
704 2399 763 2459 οἷπό
781 2407 833 2459 τοῦ
843 2400 984 2474 κωμάζειν
995 2403 1045 2458 sal
1062 2397 1160 2474 ᾅδειν,
1180 2406 1250 2472 qnod
1269 2411 1312 2456 est

167 2484 352 2528 comessatnm
371 2479 410 2528 irc
430 2476 600 2527 cantantes’
636 2477 762 2526 Donatus
781 2476 814 2526 de
835 2476 979 2527 comoedia
998 2476 1039 2525 cd.
1060 2475 1223 2524 Irindcnbr.:
1244 2472 1310 2523 loo.

165 2545 273 2596 moedis
293 2551 335 2595 est
354 2545 448 2595 fabula
467 2545 578 2594 diuersa
596 2546 724 2595 instituta
749 2545 893 2593 continens
912 2543 1114 2608 affectuumque
1133 2541 1256 2592 ciuilium
1277 2557 1310 2589 ac

165 2615 350 2679 priuatorum,
374 2614 472 2677 quihus
494 2613 622 2675 discitur,
647 2612 712 2677 quid
736 2612 773 2661 sit
796 2612 824 2660 in
848 2612 907 2660 uita
930 2611 1014 2671 utile,
1044 2610 1108 2676 quid
1132 2614 1210 2660 contr
1252 2608 1310 2658 eni-

161 2682 287 2731 tandum.
323 2681 395 2731 hanc
415 2681 517 2731 Graeci
536 2681 576 2729 sic
595 2680 741 2730 definiere:
771 2677 907 2743 κωμῳδία
927 2669 1004 2728 ἐστὶν
1022 2672 1175 2728 ἰδιωτικῶν
1231 2670 1309 2727 lno-

167 2747 281 2799 λιτιιιῶν
298 2740 473 2814 πραγμάτων
489 2737 647 2805 ιιίιίνδονος
665 2739 785 2812 περιοχή
789 2783 881 2796 .....
906 2746 1065 2796 comoediae
1085 2752 1178 2795 autem
1197 2759 1214 2794 a
1236 2760 1310 2793 more

166 2819 279 2881 antiquo
299 2816 408 2866 dictae:
438 2815 503 2881 qnia
522 2816 633 2864 inuicis
650 2814 816 2864 huiusmodi
835 2815 959 2864 carmina
970 2815 1051 2864 initio
1071 2814 1226 2878 agebant-ur
1239 2811 1312 2876 apud

166 2883 300 2934 Graecos:
320 2890 351 2932 nt
370 2885 397 2932 in
417 2882 503 2933 Italia
522 2883 718 2962 compitaliciis
730 2882 858 2944 ludicris,
878 2882 996 2932 admisto
1007 2881 1242 2947 pronuntiationis
1255 2895 1310 2929 mo·

165 2950 243 3012 dolo,
264 2966 316 3014 qno
334 2951 396 3000 dum
415 2957 495 3001 actus
520 2952 730 3009 commutantbr,
752 2950 867 3014 populus
886 2949 1072 2999 detinebatur.
1105 2963 1145 2999 au
1173 2938 1233 2998 οἷπὸ
1256 2945 1312 2995 τῶν

165 3016 282 3082 κωμῶν,
305 3018 358 3068 hoc
381 3024 423 3067 cst
446 3019 481 3067 ab
506 3018 665 3068 actuuitne
688 3017 841 3080 hominum,
871 3019 917 3081 qui
940 3017 1062 3067 inoricis
1086 3015 1124 3064 ha
1172 3012 1254 3067 'bant
1277 3015 1311 3063 oh

81 3138 87 3144 ,
166 3085 386 3136 mediocritatem
400 3087 583 3147 fortunarum,
604 3102 659 3136 non
671 3086 699 3135 in
714 3085 785 3134 aulis
797 3101 827 3133 re
849 3085 884 3134 iis
896 3091 927 3134 ut
939 3089 1003 3134 snut
1014 3098 1149 3149 personae
1162 3081 1310 3146 nagreae)
1379 3088 1382 3091 '

165 3152 286 3201 Isidorus
307 3154 393 3218 origg.
418 3153 485 3203 VIII
504 3153 532 3214 7,
551 3152 580 3202 6:
618 3153 737 3202 ‘Comici
762 3102 897 3218 appellati
914 3153 975 3202 siue
995 3168 1011 3202 a
1028 3152 1103 3211 loeo,
1124 3152 1189 3215 quia
1207 3151 1310 3198 circum

165 3236 250 3284 pagos
274 3221 410 3284 agebant,
430 3235 497 3285 quos
516 3221 617 3271 (lraeci
634 3213 730 3286 κώμας
748 3227 862 3270 uocant:
881 3221 942 3270 siue
961 3236 978 3269 a
997 3219 1207 3269 corueasatione.
1239 3217 1310 3267 sole·

165 3287 233 3335 bant
251 3289 323 3337 enim
337 3294 399 3352 post
412 3289 503 3338 cibum
521 3289 647 3340 homInes
665 3288 701 3337 ad
720 3304 766 3337 ees
786 3288 938 3338 arrdiendon
955 3285 1075 3337 uenirc.'

253 3354 362 3420 lI-p.
382 3355 412 3418 ll,
436 3354 453 3404 o
489 3357 643 3417 Erranthins
662 3356 695 3405 de
719 3356 829 3405 sabula:
867 3357 957 3406 ‘Inter
978 3353 1147 3421 tragoediam
1173 3354 1264 3402 arrtcm
1285 3359 1313 3401 et

166 3422 336 3473 comoediam
363 3439 424 3473 cum
450 3424 537 3473 multa
561 3431 617 3474 tum
640 3425 669 3473 in
693 3424 788 3488 prImis
811 3423 863 3474 hoc
887 3425 988 3484 distat,
1015 3422 1086 3487 quod
1109 3422 1138 3469 in
1168 3421 1313 3470 comoedia

167 3488 318 3540 mediocres
342 3491 470 3540 fortunae
493 3491 632 3542 hominum
655 3491 735 3557 parui
759 3490 878 3555 impetus
901 3490 1079 3558 periculaque
1100 3489 1225 3552 laetique
1249 3493 1313 3537 suut

167 3555 256 3603 saltus
281 3558 428 3609 actionum.
465 3564 494 3609 at
519 3561 547 3609 in
571 3559 716 3625 tragoedia
735 3559 828 3615 omnia
850 3559 1003 3609 contraria:
1030 3559 1158 3623 ingentes
1176 3571 1311 3621 personae

170 3692 362 3704 ἦ

238 3783 268 3868 ,2
285 3775 349 3834 ladi
368 3781 426 3836 AM
438 3775 451 3858 ll
468 3779 683 3857 conpitalici‘A
699 3780 882 3858 compitalici
896 3780 959 3836 ΒΜ
969 3774 982 3859 ΙΙ
998 3777 1049 3836 nbi
1071 3777 1165 3834 uicini
1189 3780 1288 3835 addidi
1303 3774 1312 3853 ll

167 3868 184 3920 3
203 3879 288 3940 κωμῃ
304 3857 353 3916 καὶ
372 3853 435 3942 ῳὸᾐ
459 3867 643 3938 Guissordr'ns
662 3868 735 3936 conl,
751 3867 839 3924 schol.
855 3867 938 3922 Dion.
959 3866 1078 3920 Thracis
1098 3853 1118 3918 1]
1135 3881 1176 3919 c.:
1198 3861 1312 3918 cornice

168 3944 318 4020 (comicae
335 3945 382 4021 M)
399 3947 476 4007 odae
495 3950 583 4005 ABM
597 3968 682 4007 corne
702 3957 733 4007 et
748 3948 808 4007 oda
825 3970 842 4018 ς
863 3943 876 4029 ΙΙ
897 3958 914 4008 4
931 3947 981 4006 uel
997 3945 1080 4025 quod
1093 3946 1124 4003 in
1144 3965 1182 4003 ea
1200 3949 1228 4002 B
1243 3945 1313 4003 uela

169 4049 247 4088 enea
261 4031 319 4086 AM
331 4023 344 4109 ll
360 4039 377 4092 6
392 4040 484 4108 apotu
499 4052 585 4092 comu
598 4036 650 4090 AB
665 4042 758 4112 apotu
774 4033 872 4092 comiu
889 4034 923 4090 M
965 4029 1202 4090 cornesationem
1220 4033 1246 4085 B
1261 4049 1311 4087 co-

168 4115 359 4173 misationem
377 4118 401 4171 A
417 4117 673 4176 commirationem
686 4120 721 4175 M
733 4112 746 4199 ΙΙ
761 4125 776 4179 7
801 4118 853 4197 qui
867 4118 925 4175 AM
966 4125 984 4177 8
999 4135 1105 4174 oomoe
1127 4116 1185 4171 AM
1206 4133 1311 4171 comae

171 4203 195 4256 B
215 4193 229 4280 ΙΙ
252 4197 402 4257 canebant
421 4199 455 4255 M
467 4194 480 4278 {l
496 4199 525 4256 in
548 4198 611 4258 Oce
632 4202 733 4260 insula
746 4205 868 4276 scripsi:
901 4202 932 4259 in
948 4221 983 4258 co
1000 4199 1101 4258 insula
1116 4204 1140 4256 A
1154 4200 1187 4256 in
1204 4198 1312 4255 choum

170 4284 267 4342 insule
282 4287 310 4341 B
324 4284 356 4342 in
377 4302 444 4342 cum
463 4283 580 4342 insulae
595 4286 630 4341 M
642 4280 686 4364 lli)
706 4306 724 4344 a
742 4306 797 4345 coo
818 4287 879 4343 AM
892 4305 910 4343 a
931 4285 1008 4343 choo
1026 4288 1054 4341 B
1074 4277 1087 4365 ll
1110 4291 1143 4345 12
1162 4280 1264 4359 adque
1287 4284 1312 4346 A
1372 4326 1376 4337 .

172 4361 186 4445 ll
205 4377 235 4430 13
252 4387 402 4447 personae
418 4387 470 4427 om.
489 4370 581 4439 ABM,
599 4373 666 4427 odd.
684 4363 729 4449 ςΗ
744 4378 778 4432 14
790 4370 916 4448 nuptiae
934 4373 1033 4449 addidi
