2964 5002
631 368 673 413 nn
696 368 813 414 ronrrs
1250 355 1291 418 29

155 519 378 603 conoempticre
410 518 550 598 uestitu,
586 485 620 580 in
654 517 810 583 subsellio
838 519 933 582 iuxta
959 517 1114 583 lectulum
1143 522 1293 586 residens

92 684 97 695 ,
155 618 276 703 legisse,
294 628 372 705 post
394 638 520 704 paucos
538 641 615 683 uero
637 640 752 682 uersus
775 620 933 683 inuitatus
956 630 992 683 ut
1014 622 1220 686 accumberet
1241 645 1291 687 ce·
1392 614 1397 627 ’

155 738 340 800 nascentia,
363 721 443 784 dein
462 730 571 784 cetera
588 723 829 805 percucurrisse
848 742 913 783 non
930 722 1002 785 sine
1023 742 1142 805 magna
1158 723 1294 787 Caecilii
1343 807 1348 816 Ι

153 822 369 884 adurimtionc.
413 832 446 885 et
470 820 555 885 hanc
577 831 683 884 autem
711 831 743 885 et
769 818 914 908 quinque
942 821 1084 907 reliquas
1113 823 1293 910 aequaliter

138 923 264 1009 spopulo
275 924 446 1008 probauit:
472 924 622 1008 quamuis
640 921 807 986 Volcatius
826 926 860 987 in
876 923 1134 988 dinumeratione
1149 926 1291 987 omnium

155 1025 196 1087 ita
213 1023 351 1087 scribat:

297 1123 434 1188 Simitur
454 1123 586 1191 Hecura
608 1132 703 1188 sexta
726 1124 892 1189 exclusust
913 1124 1056 1188 fabula..

154 1225 326 1289 Eunuchus
358 1226 493 1312 quidem
534 1225 583 1289 bis
620 1227 774 1312 deinceps
809 1235 883 1289 acta
919 1235 969 1289 est
1003 1229 1185 1313 meruitque
1221 1222 1293 1313 pre-
1333 1213 1338 1223 ’

153 1326 228 1388 tium
253 1336 409 1411 quantum
438 1327 530 1390 nulla
557 1338 655 1410 antea
679 1328 869 1414 cuiusquam
890 1328 1073 1408 comoedia,
1106 1341 1179 1393 octo
1203 1328 1293 1410 milia

130 1448 325 1491 onummum.
368 1437 542 1515 propterea
564 1451 689 1491 summa
715 1414 844 1515 iluoquc
867 1428 961 1494 titulo
987 1429 1172 1493 ascribitur.
1217 1456 1231 1492 ι
1277 1458 1291 1494 ι

155 1555 1291 1615 istaccrescere

229 1651 244 1698 7
263 1651 392 1700 Donatus
410 1649 544 1714 epimetro
557 1651 634 1701 vitae
652 1653 716 1701 Ter.
735 1667 761 1701 r.
783 1650 826 1698 ll:
864 1650 984 1714 ‘Hecyra
997 1667 1081 1716 saepe
1101 1652 1226 1713 exclusa,
1246 1654 1293 1700 uir

154 1724 211 1767 acta
229 1716 292 1768 est’
319 1717 394 1766 Idem
410 1718 503 1783 praef.
521 1717 591 1767 Hec.
611 1736 637 1784 p.
656 1718 705 1769 337
724 1718 888 1768 Lindeoba:
910 1721 1017 1784 ‘saepet
1027 1718 1140 1768 exclusa
1157 1718 1227 1769 haec
1247 1737 1291 1767 co-

153 1776 281 1835 nostrast*
294 1785 370 1834 Adde
390 1800 486 1834 comm.
507 1785 535 1833 in
547 1784 617 1835 Hoc.
636 1787 741 1852 prolog.
760 1787 783 1847 Ι,
802 1787 827 1834 l.
848 1787 882 1846 ll,
902 1784 926 1836 3.
946 1785 970 1834 7.
993 1785 1031 1836 13.
1050 1776 1091 1835 26.
1111 1785 1152 1835 29.

229 1868 246 1916 8
263 1869 392 1917 Donatus
410 1870 500 1933 praef.
519 1871 589 1919 Eun.
608 1864 634 1935 p‘.
653 1869 699 1919 illl:
736 1871 816 1920 ‘acta
836 1875 879 1921 est
896 1875 974 1920 tanto
993 1886 1124 1920 successu
1142 1887 1175 1919 ac
1194 1871 1292 1935 plausu

153 1941 230 2000 atquo
247 1935 394 2001 suffragio,
419 1942 452 1985 ut
473 1952 567 1987 rursus
595 1943 670 1990 esset
686 1939 802 1988 uendite
813 1928 849 1986 'ct
869 1943 999 2003 ageretur
1022 1940 1123 1988 iterum
1140 1955 1189 2007 pro
1207 1954 1289 2000 noua,

152 2018 247 2069 proque
266 2020 302 2052 ca
320 2006 451 2068 pretium,
473 2005 544 2068 qrrod
563 2005 631 2055 nulli
650 2011 715 2055 ante
733 2007 821 2071 ipsam
842 2004 954 2055 fabulae
974 2006 1106 2070 contigit,
1133 2012 1195 2055 octo
1215 2006 1291 2055 milia

152 2074 304 2120 sestertium
317 2079 495 2120 numerarent
507 2072 627 2136 plectae)
646 2073 722 2123 Idem
737 2075 871 2138 epimctro
889 2074 966 2122 vitae
985 2074 1048 2123 Ter.
1068 2089 1093 2124 v.
1116 2074 1159 2123 10:
1180 2077 1290 2139 ‘magno

96 2182 101 2203 ,
152 2153 275 2188 successu
295 2146 323 2188 et
341 2141 431 2203 pretio
450 2141 530 2189 stetit
547 2141 697 2190 Eunuchus
716 2139 831 2189 fabula?

153 2332 168 2355 .·
217 2304 244 2355 ἰ
261 2291 452 2357 conteuticre
469 2296 546 2351 BCI)
567 2287 581 2374 Η
603 2295 635 2352 in
656 2265 840 2353 Rllsclrclios.
857 2315 911 2353 om.
927 2297 993 2352 libri
1009 2289 1023 2375 Η
1043 2287 1155 2354 lectum
1168 2299 1196 2352 Ε
1216 2288 1229 2377 Η
1245 2315 1290 2355 re·

92 2406 100 2425 ¹
150 2410 231 2471 diens
250 2415 276 2470 B
291 2407 305 2495 Η
320 2419 337 2472 t
351 2430 424 2469 uero
433 2431 548 2489 paucos
562 2415 585 2471 G
601 2407 614 2494 Η
629 2433 735 2472 uersus
751 2414 884 2472 imitatus
902 2416 936 2471 Ι).
952 2432 1059 2471 uersus
1076 2452 1086 2471 .
1102 2453 1112 2472 .
1129 2452 1139 2471 .
1155 2452 1165 2471 .
1189 2452 1199 2471 .
1215 2394 1289 2490 inili-

150 2498 222 2555 tauit
244 2502 267 2555 A
289 2515 354 2553 cura
376 2499 502 2570 queisque
522 2501 638 2555 circiter
662 2503 823 2556 litterarum
848 2502 970 2556 locuoa:
1002 2508 1032 2554 ut
1048 2497 1085 2556 ab
1103 2498 1155 2556 illo
1175 2503 1290 2556 interci-
1389 2494 1394 2503 ”

103 2610 107 2621 ·
149 2587 218 2639 disc
232 2585 361 2639 conicias
374 2576 388 2661 Η
400 2600 458 2653 pro
474 2581 667 2641 accumberet
682 2587 815 2640 lacunam
831 2585 857 2638 Il
872 2577 886 2665 Η
901 2592 918 2644 3
934 2581 1002 2641 dein
1019 2586 1052 2640 A.
1075 2582 1184 2640 deinde
1203 2587 1292 2639 celeri
1355 2626 1371 2641 ..
1387 2618 1393 2627 -

100 2728 103 2735 ,
148 2668 158 2749 Η
172 2667 398 2745 percucurrisse
420 2672 454 2725 A.
477 2667 662 2743 procurrisse
681 2671 717 2725 I).
737 2669 925 2745 percurrisse
945 2672 1035 2724 celeri
1047 2661 1061 2747 Η
1078 2666 1205 2726 Caecilii
1225 2671 1289 2722 ilem
1381 2708 1383 2715 .

149 2763 177 2809 at
190 2761 276 2811 cruca
290 2770 325 2824 p.
344 2754 389 2820 28,
404 2760 430 2809 9.
448 2751 542 2808 caerii
559 2757 590 2808 Α.
608 2754 697 2810 cerrii
713 2756 748 2809 B.
767 2751 840 2810 cerii
856 2754 962 2810 CEFZ.
982 2755 1062 2810 cerei
1077 2753 1113 2808 Ι).
1132 2771 1234 2809 eorum
1249 2747 1289 2833 Gli

111 2840 117 2853 ’
149 2834 214 2915 tet}
228 2839 303 2911 erG
319 2829 334 2915 Η
348 2831 460 2914 autem]
472 2835 587 2892 utinam
601 2830 648 2917 ΟΗ
665 2845 694 2895 et
710 2857 764 2895 οιιι.
779 2841 800 2894 G
818 2833 831 2915 Η
847 2839 929 2914 qn'q3
945 2839 968 2891 B
984 2832 997 2916 Η
1013 2836 1234 2916 aliasreliquas
1250 2832 1291 2915 ΕΗ

148 2921 298 3001 equaliter
312 2921 373 2987 BZ.
389 2939 442 2977 om.
461 2921 488 2975 D
503 2913 516 2999 Η
531 2932 551 2998 5,
562 2919 691 2998 probant
704 2923 731 2977 D
750 2916 764 3003 Η
784 2921 944 2980 Volcatius
965 2923 994 2976 Z.
1019 2922 1169 2979 uulcatius
1191 2927 1289 2992 ceteri,

148 3011 200 3064 rasi
213 3009 292 3080 qaod
305 3003 440 3063 ualerius
456 3004 481 3062 G
496 2999 510 3084 Η
524 3005 555 3062 in
574 3004 811 3067 dinumeratione
829 3008 1005 3078 Sclropeuus.
1024 3005 1061 3064 de
1081 3008 1290 3064 numeratione

148 3096 179 3148 A.
205 3090 244 3149 de
269 3083 425 3148 errdr'acdne
459 3091 494 3147 B.
521 3087 559 3147 dc
592 3086 818 3149 enumeratione
848 3094 945 3148 ceteri.
976 3089 1013 3148 de
1045 3092 1320 3150 remuneratione·

149 3176 338 3233 Hommseaus
357 3167 373 3257 Η
393 3173 526 3235 omnium
556 3177 648 3247 Aba,
673 3177 713 3232 St.
734 3196 787 3234 ora.
815 3177 920 3233 BCEZ.
944 3194 1067 3252 operum
1094 3162 1217 3234 Baitios
1238 3171 1291 3255 Ηό

148 3257 258 3319 scribat
278 3263 359 3331 AD‚·
373 3258 414 3315 Sl,
440 3256 545 3315 scribit
560 3265 649 3317 ceteri
666 3254 680 3339 Η
700 3268 715 3321 7
733 3260 857 3320 Simitnr
873 3261 1056 3337 astscoetius.
1079 3269 1213 3319 sumetur
1228 3263 1288 3330 ΑΕ,

148 3342 187 3403 Ω.
203 3356 373 3404 sumeretur
391 3346 477 3400 ΕΘΖ.
494 3343 634 3401 subruetro
656 3348 692 3400 B.
715 3341 868 3405 submetur
887 3346 923 3402 D.
948 3343 1103 3403 suboleret
1123 3339 1177 3425 θἨ
1196 3344 1218 3401 lt
1235 3364 1291 3402 ura

148 3430 183 3488 B.
206 3428 312 3503 hecira
331 3434 365 3486 A.
385 3429 425 3487 he
447 3431 573 3507 cyrol).
621 3448 705 3508 cyra
723 3433 758 3488 E.
782 3430 885 3488 eclrira
901 3432 935 3487 Ε.
954 3428 1079 3505 bechira
1097 3433 1128 3486 G.
1147 3430 1252 3507 Eeyra
1268 3430 1291 3485 Z

147 3514 155 3594 ]
172 3518 326 3576 exclusast
341 3516 537 3573 duee-Deoua
555 3516 604 3586 ΙΥΙ
619 3514 737 3573 caelius.
757 3535 793 3572 ex
806 3515 852 3572 liis
871 3518 950 3584 libri,
970 3504 1037 3572 urite
1053 3515 1179 3591 Hecyra
1194 3517 1290 3571 conlo·
1391 3552 1395 3559 ·

148 3613 210 3659 ruta
229 3624 247 3659 a
277 3604 387 3658 Bomio.
417 3618 455 3657 cx
480 3597 564 3658 hisce
594 3593 737 3679 Harlesii
764 3611 781 3662 8
810 3619 944 3657 eurrucus
976 3600 1033 3657 CD.
1059 3599 1204 3656 llnuclrns
1236 3590 1323 3677 ΖΗ,

149 3683 317 3767 deiluoeps}
335 3687 515 3743 Bitsclelms.
534 3684 582 3743 die
598 3685 761 3748 ABt'Ill'G.
779 3705 833 3742 om.
851 3687 904 3740 ΕΖ.
927 3683 964 3740 de
988 3680 1131 3762 i[ntegro]
1145 3685 1210 3757 sirit
1224 3702 1288 3740 curn

144 3777 272 3845 placeret
287 3766 300 3852 Η
315 3764 420 3848 precia
431 3773 456 3824 il
471 3764 483 3848 Η
499 3779 515 3830 9
531 3770 633 3845 autea]
657 3766 718 3826 alia
742 3772 817 3845 ΗΕΖ
830 3763 843 3848 Η
860 3771 1005 3847 cuiusque
1025 3771 1106 3843 sffll’
1121 3763 1134 3848 Η
1152 3766 1289 3825 comedia

147 3859 246 3915 ΑΒΜ)
268 3851 281 3937 Η
297 3864 365 3914 octo
386 3857 565 3913 Bitscltclius.
586 3851 658 3905 ΜΗ
678 3858 714 3911 B.
733 3846 786 3912 lde
801 3865 869 3911 octo
885 3859 917 3911 Α.
938 3854 1033 3911 idest
1054 3863 1122 3909 octo
1143 3855 1198 3921 (rel
1221 3857 1287 3924 ⁸¹¹¹)
1335 3888 1342 3901 ·

146 3945 210 4012 oF,
232 3943 273 3998 St.
285 3939 431 3998 uidelicet
450 3947 518 3996 octo
536 3943 594 3996 ΕΖ.
612 3952 633 3991 ι..
646 3951 692 3990 vro
710 3942 732 3996 C
745 3934 758 4020 Η
774 3940 856 4007 nriUu
877 3958 999 3997 numum
1016 3939 1072 3994 ΕΖ.
1096 3936 1180 3994 milia
1206 3955 1288 3991 ιιιιιιι-

147 4047 258 4085 morum
273 4029 327 4083 AF
339 4034 383 4092 et,
408 4029 463 4081 oisr'
478 4028 554 4097 quod
570 4044 743 4094 numerum,
762 4028 794 4082 G.
811 4023 892 4081 milia
908 4042 1063 4081 uulnerum
1080 4024 1113 4076 Ι).
1133 4038 1287 4079 nrrorornnr

146 4132 297 4170 numerum
317 4113 352 4166 B.
367 4130 524 4168 uulnerum
539 4114 560 4168 C
573 4105 586 4190 Η
605 4123 635 4173 10
651 4129 767 4168 sumum
783 4129 903 4186 quoquc
916 4110 1008 4177 ADF,
1027 4109 1066 4162 St.
1085 4126 1198 4163 suanno
1213 4121 1285 4178 ‹pro-

146 4218 201 4276 quc
228 4199 340 4254 BEGZ.
365 4192 541 4273 siurimoqoc
565 4199 586 4252 (Ι
610 4192 624 4276 Η
649 4193 825 4252 asscribitur
842 4196 875 4249 B.
892 4192 1032 4250 scribitur
1055 4193 1081 4246 Il
1102 4185 1115 4270 Η
1142 4192 1285 4245 Lacunam

144 4289 262 4357 suarm!
288 4285 418 4351 Wolfius.
449 4285 624 4338 intercidisse
646 4284 777 4338 videatur
798 4283 895 4351 peculio
915 4283 949 4335 de
970 4274 1080 4332 foliolis
1102 4273 1140 4330 ab
1160 4267 1286 4346 Apollo·

146 4367 214 4428 doro
230 4385 260 4430 ct
276 4353 449 4428 Menandro
463 4366 616 4425 translatis
630 4368 760 4423 Donatus
777 4368 903 4438 prodidi!
919 4368 947 4418 io
962 4364 1099 4433 epiroctro
1115 4359 1200 4414 latoio·
1216 4356 1287 4423 vitoe
