2964 5002
172 341 212 403 78
550 359 593 401 ns
616 359 704 401 vrurs
725 359 939 402 runvsrmavs

170 527 280 569 sarum
305 505 500 568 actionibus.
548 505 608 569 hoe
638 505 760 568 factum
788 505 941 569 Caesaris
970 506 1106 571 iuuenili
1136 511 1317 572 aestimans

170 590 269 669 afnimi
291 605 399 669 calore
423 612 621 693 speransque¹
641 606 796 670 ultionem
815 627 835 668 a
854 606 1033 670 coniuratis
1051 609 1084 670 in
1100 609 1316 681 caedemque-

169 708 258 771 ronis
292 708 400 770 socius
430 706 622 794 adsumptus
652 715 716 787 est,
758 706 816 770 sed
843 729 958 794 parum
986 707 1103 778 fauste.
1159 709 1316 796 deceptus

169 810 256 872 enim
286 829 306 870 a
332 807 453 871 Pisone
480 817 513 870 et
535 807 762 872 consularibus
790 807 929 893 aliisque
958 817 1110 895 praetura
1131 811 1315 896 perfunctis

169 909 361 974 inlustribus
395 909 477 971 uiris
507 907 582 971 dum
612 909 791 973 uindictam
820 911 946 995 expetit
977 911 1011 973 in
1043 922 1180 975 mortem
1209 913 1336 980 irruit⁵

97 1056 101 1062 .
169 1032 243 1072 nam
266 1031 326 1072 sua
355 1018 469 1096 sponte
492 1001 636 1073 coactus.
652 1010 721 1074 uita
742 1010 903 1074 excedere
929 1031 1031 1074 uenas
1062 1011 1126 1076 sibi
1153 1013 1316 1098 praecidit

163 1111 328 1197 periitque
345 1109 453 1197 pridie
471 1109 768 1183 KalendasMaias
791 1112 901 1177 Attico
924 1111 1062 1175 Vestino
1083 1121 1116 1174 et
1137 1112 1250 1175 Nerua
1265 1113 1315 1177 Si-

168 1213 263 1276 liano'
282 1233 384 1292 cosa,
411 1209 532 1274 XXVI
554 1213 671 1276 aetatis
700 1233 822 1275 annum
845 1233 962 1297 agens,
1000 1234 1065 1276 non
1093 1214 1166 1277 sine
1188 1215 1315 1278 iactura

168 1313 319 1376 utilitatis
343 1334 416 1375 cum
435 1313 576 1399 patriae,
598 1333 681 1399 quae
703 1321 825 1376 tantam
848 1313 1011 1377 inmature
1030 1315 1140 1378 amisit
1159 1315 1313 1397 indolem,

167 1423 236 1478 tum
255 1413 434 1488 studiorum
453 1435 593 1500 quoque.
622 1412 739 1499 reliqui
759 1414 846 1476 enim
865 1412 931 1477 VII
950 1413 1027 1478 belli
1048 1416 1157 1479 ciuilis
1176 1414 1253 1480 libri
1269 1415 1347 1482 lo-ie

91 1563 98 1576 .
168 1537 242 1579 cnm
258 1514 533 1579 calumniantibus
547 1524 712 1601 tamquam
724 1513 872 1578 mendosi
887 1535 952 1577 non
965 1514 1095 1599 darent,
1108 1518 1164 1601 qui
1182 1518 1314 1580 tametsi

168 1616 229 1680 sub
250 1638 330 1680 uero
353 1617 488 1680 crimine
517 1638 582 1680 non
605 1625 703 1700 egent
723 1616 920 1701 patrocinio:
954 1616 988 1679 in
1010 1616 1114 1680 isdem
1138 1617 1203 1682 dici
1226 1618 1313 1704 quod

168 1720 201 1782 in
235 1717 334 1781 Ouidi
368 1717 460 1782 libris
492 1716 727 1804 praescribitur
760 1724 882 1800 potest:
935 1717 1182 1782 ‘emendaturus
1216 1720 1244 1782 si
1276 1718 1313 1783 li-

167 1821 290 1885 cuisset
314 1824 411 1882 erat.'
451 1827 566 1881 extant
585 1819 655 1881 eius
678 1816 862 1904 complures
891 1826 924 1881 et
947 1816 1022 1900 alii,
1048 1828 1085 1882 ut
1109 1819 1234 1884 lliaoon
1257 1820 1314 1885 Sa·

167 1919 310 1985 turnalia
335 1917 594 1987 Catachthonion
617 1915 780 1982 Siluarum
807 1917 841 1980 X
862 1917 1033 2004 tragoedia
1059 1919 1180 1984 Medea
1206 1923 1347 2008 inpar-ia

168 2023 255 2085 secta
275 2019 408 2083 salticae
430 2017 564 2083 fabulae
586 2016 693 2082 XllIl
715 2019 966 2104 epigrammata,
989 2042 1088 2105 prosa
1108 2024 1257 2086 oratione
1279 2025 1313 2087 in

254 2193 284 2241 lt
302 2207 360 2256 sqq.
397 2191 503 2241 Statius
521 2191 582 2241 silv.
602 2190 676 2252 117,
695 2191 729 2240 52
747 2205 818 2255 sqq:

436 2258 476 2307 ‘tu
495 2260 573 2308 canis
591 2259 673 2307 Latio
691 2273 846 2322 memorque
866 2258 957 2323 gentis

437 2341 548 2376 carmon
567 2326 663 2375 sortior
682 2327 770 2376 exeris
788 2331 922 2390 togatum.

422 2409 471 2444 'ac
489 2395 604 2458 primum
623 2394 727 2443 teneris
746 2392 834 2442 adhuc
853 2394 882 2443 in
900 2395 981 2444 annis

435 2462 513 2512 ludes
530 2461 654 2510 Hectora
672 2460 874 2524 Thessalosque
893 2477 988 2511 currus

437 2535 465 2579 et
481 2529 597 2594 supplex
615 2529 719 2578 Priami
737 2530 859 2592 potentie
878 2544 983 2592 aurum,

436 2602 464 2646 et
482 2596 562 2646 sedes
581 2596 719 2645 reserabis
738 2596 894 2646 inferorum.

436 2666 560 2728 ingratus
577 2665 649 2713 Nero
667 2663 794 2712 dulcibus
812 2663 939 2724 theatris,

436 2738 464 2782 et
482 2735 575 2781 noster
592 2732 644 2780 tibi
663 2732 819 2795 proferetur
836 2730 971 2795 Orpheus.

435 2800 511 2849 dices
530 2799 694 2847 culminibus
712 2800 790 2847 Remi
809 2804 946 2862 uagantes

435 2866 563 2915 infandos
581 2866 684 2914 ‹lomini
703 2866 828 2915 nocentis
846 2867 934 2932 ignes,

436 2939 464 2983 tu
484 2939 579 2983 castae
599 2934 708 2982 titulum
727 2933 866 2997 decusque
885 2935 980 2984 Pollae

436 3002 555 3051 iucunda
573 3001 653 3051 dabis
671 3001 857 3051 allocutione.¹

167 3105 368 3116 υ--αι

252 3157 398 3217 lccsaris
424 3159 462 3213 W
467 3153 492 3235 li
514 3155 662 3215 iuuenilis
684 3154 828 3215 estimans
860 3156 898 3210 W
913 3156 1080 3216 iuuenialia
1103 3159 1269 3218 aestimans
1287 3165 1312 3218 B

166 3239 178 3324 Η
199 3252 216 3303 ‘I
232 3241 338 3300 cedem
362 3245 399 3299 W
411 3237 425 3322 Η
439 3251 457 3302 3
471 3243 566 3300 sotius
582 3243 613 3297 M
628 3237 640 3321 Η
656 3247 830 3318 assumptus
847 3241 906 3296 ΜΒ
921 3235 935 3322 Η
951 3241 1098 3321 deceptus
1115 3252 1162 3302 cst
1184 3249 1251 3302 libri
1266 3257 1312 3305 est

164 3348 218 3387 om.
235 3332 291 3384 ium
308 3336 386 3384 vetris
402 3329 487 3384 editio
503 3321 516 3407 Η
531 3339 547 3388 5
564 3325 733 3383 illustribus
750 3327 783 3381 Μ
790 3328 827 3382 W
839 3324 852 3403 Η
867 3333 884 3387 6
900 3346 971 3384 suaa
992 3335 1124 3406 ponteeo
1149 3340 1236 3388 actus
1254 3334 1281 3387 B
1298 3327 1311 3410 ΙΙ

163 3429 263 3491 iKal.
280 3429 312 3485 M
322 3427 374 3484 Kl.
395 3430 432 3483 W
440 3427 480 3485 K.
496 3432 520 3484 B
535 3422 548 3508 Η
564 3409 623 3485 mm
636 3422 737 3506 MWll
753 3427 833 3484 atico
854 3429 918 3484 WB
932 3420 945 3508 Η
961 3427 1069 3487 sillano
1082 3432 1115 3487 M
1127 3430 1225 3488 silano
1249 3435 1312 3488 WB

165 3510 178 3594 Η
194 3523 212 3574 8
229 3532 300 3570 cons
316 3513 350 3567 M
367 3507 381 3592 Η
401 3512 512 3570 XXVI
534 3514 572 3569 Μ.
594 3514 729 3570 Basilius
743 3515 778 3569 de
796 3514 877 3569 Rom.
896 3529 955 3570 rer.
970 3507 1069 3587 script.
1089 3525 1153 3572 tom.
1178 3516 1197 3572 1
1212 3536 1244 3589 p.
1265 3523 1310 3586 77,

164 3601 252 3656 Clinia
270 3599 341 3670 fast.
364 3598 446 3654 Bom.
469 3607 533 3654 torn.
555 3598 574 3654 Ι
592 3615 621 3669 p.
648 3603 702 3655 17:
720 3595 850 3655 XXVII
880 3599 945 3654 WB
971 3598 1118 3658 XXVIII
1137 3596 1195 3679 ΜΗ
1213 3609 1244 3658 ct
1261 3621 1309 3659 ae·

163 3683 235 3740 tatis
259 3683 297 3738 W
313 3675 326 3758 Η
348 3681 501 3759 bpatriae
514 3684 702 3740 Omnibonus:
721 3682 822 3757 patria
839 3685 906 3739 libri
924 3677 937 3760 Η
958 3693 1073 3742 tantam
1089 3704 1166 3743 corr.
1189 3704 1229 3744 ex
1244 3699 1310 3745 tan-

163 3776 226 3824 tum
243 3785 318 3822 man.
338 3771 401 3823 ead.
425 3769 462 3822 W
474 3761 486 3846 Η
502 3754 688 3824 indolcntuni
699 3768 726 3822 B
740 3765 752 3843 Η
773 3777 804 3824 io
818 3786 850 3824 se
874 3777 936 3825 tem
955 3760 987 3824 M
995 3772 1032 3824 W
1045 3771 1077 3828 X
1093 3773 1154 3827 Nic.
1171 3775 1311 3828 Arrionius

162 3855 227 3910 bibi.
242 3853 325 3922 Biap.
344 3861 395 3908 vet.
415 3853 434 3909 1
440 3869 470 3923 p.
488 3848 554 3930 5511
571 3849 645 3908 belli
664 3852 691 3907 B
706 3848 750 3909 illi
769 3852 802 3906 M
809 3846 870 3932 W'}
887 3861 914 3913 ll
934 3862 1077 3931 tanquam
1096 3856 1158 3911 ΜΒ
1173 3851 1186 3935 Η
1202 3855 1311 3913 darent

162 3936 183 3994 lr
207 3935 226 3994 d
248 3935 289 4012 (i)
314 3936 483 4013 patrocinio
507 3935 627 4006 (emissis
647 3939 774 4010 reliceris)
796 3937 828 3993 M
848 3930 853 4016 l
877 3939 997 3995 tametsi
1018 3943 1081 3996 edd.
1102 3948 1183 3997 vett:
1208 3950 1309 3998 tamen

164 4022 281 4080 etiamsi
300 4025 327 4078 B
343 4032 403 4080 tam
426 4021 517 4079 etiam
541 4023 579 4076 W
589 4014 603 4099 Η
619 4030 651 4083 12
669 4020 792 4078 hisdem
816 4024 878 4078 WB
897 4016 910 4101 Η
933 4031 967 4083 13
984 4023 1013 4080 in
1037 4022 1141 4082 Ouidii
1158 4026 1219 4081 ΜΒ
1236 4045 1309 4082 nen·

162 4106 224 4164 nidi
254 4110 291 4162 W
302 4101 315 4188 Η
331 4106 528 4185 proscribitur
551 4107 589 4162 W
603 4103 800 4183 perscribitur
816 4107 850 4162 M
867 4100 880 4182 Η
902 4115 1002 4183 potest
1021 4110 1210 4166 Omnibonus:
1241 4118 1311 4186 pest

161 4195 228 4248 libri
241 4189 254 4273 Η
271 4204 303 4252 ls
315 4191 401 4249 utilia
418 4189 602 4248 csaturnalia
629 4192 666 4246 W
677 4186 690 4270 Η
706 4209 883 4248 mrrxeomos
898 4192 930 4247 M
946 4201 1145 4251 cataxcomon
1168 4196 1195 4250 B
1212 4203 1310 4252 catas-

164 4276 270 4332 eonion
296 4270 357 4357 ΜΗ
381 4285 412 4338 16
433 4273 651 4352 epigrammata
672 4278 791 4346 scripsi:
818 4285 849 4335 et
870 4273 1031 4354 appiimata
1049 4279 1084 4334 M
1104 4286 1135 4335 et
1155 4278 1312 4357 ippamata

171 4360 234 4416 WB
248 4368 278 4418 et
295 4362 513 4439 epigrammata
528 4362 600 4418 coni.
625 4362 762 4418 Weberus
1179 4368 1182 4371 '
