2964 5002
167 359 229 425 206
668 376 798 420 nassau

168 543 269 605 sionis
302 541 440 627 anrplins
475 541 652 606 incalescit.
707 543 799 606 cuius
832 543 941 626 ignem
975 541 1087 606 dicunt
1122 541 1309 630 philosophi

168 664 253 729 aqna
266 642 381 706 nutriri
396 651 457 707 etc
471 645 634 707 contrario
651 644 808 707 elemento
825 645 978 707 uirtutem
996 645 1129 708 luminis
1142 653 1176 707 et
1189 644 1309 708 caloris

168 745 325 830 accipere,
345 745 431 809 unde
454 744 602 809 uidemus
624 766 696 808 eum
718 747 847 832 saepius
871 745 1036 809 madidum
1060 755 1091 808 et
1112 755 1290 810 rorantem.
1332 750 1336 756 ⁴

168 966 219 1000 nec
237 950 341 1015 ignitus
357 956 457 1001 natura
475 951 520 1000 sit
545 950 644 1016 siquid
662 951 747 1000 hahet
764 951 879 1013 caloris,
897 952 990 1001 feriant
1009 952 1186 1017 pernimium
1205 959 1309 1004 motum

169 1019 356 1068 conuersionis
369 1019 510 1068 accidere:
529 1019 599 1083 qnod
613 1034 677 1084 ergo
695 1019 838 1070 dicendum
851 1024 962 1085 putant,
980 1027 1010 1068 ut
1026 1020 1096 1070 nihil
1113 1021 1244 1072 {rideatur
1259 1022 1308 1073 hn-
1345 1067 1348 1071 .

168 1089 250 1137 moris
268 1102 440 1149 consumere,
459 1088 523 1158 quia
542 1087 660 1136 calorem
679 1103 731 1152 quo
750 1088 844 1137 humor
864 1088 910 1138 uel
930 1088 1059 1137 minuitur
1080 1088 1125 1138 uel
1148 1089 1309 1156 plerumque

169 1157 292 1205 exuritur
313 1170 369 1204 non
392 1155 477 1204 hahet
499 1155 663 1204 naturalem.
694 1155 742 1205 sed
762 1155 829 1204 nihil
852 1161 952 1221 agunt,
976 1172 1036 1206 cum
1060 1157 1115 1206 ista
1142 1165 1307 1223 proponunt,

170 1224 233 1288 qnia
250 1222 319 1272 nihil
338 1225 467 1285 interest¹
486 1228 576 1272 utrum
595 1239 628 1272 cx
645 1230 745 1273 natura
763 1223 881 1274 calorem
911 1224 970 1288 quis
992 1223 1097 1274 haheat
1121 1241 1156 1275 au
1187 1243 1220 1276 ex
1244 1242 1308 1291 pas·

168 1294 245 1341 sione
263 1291 308 1340 uel
327 1308 359 1341 ex
387 1291 479 1355 aliqua
498 1306 590 1340 causa.
625 1307 675 1340 nos
698 1296 788 1341 autem
807 1292 942 1342 credimus
961 1307 1021 1341 cum
1039 1293 1110 1342 sient
1131 1293 1235 1343 habere
1252 1296 1308 1343 uir-

168 1364 256 1409 tutern
268 1358 457 1421 inluminanda
475 1359 516 1408 ita
529 1360 612 1409 etiam
625 1359 784 1424 uaporemli.
809 1360 907 1424 igneus
920 1359 991 1408 enim
1005 1366 1048 1410 est
1060 1360 1115 1420 sol,
1128 1361 1200 1427 ignis
1215 1367 1308 1412 autem

169 1433 197 1477 et
210 1427 355 1477 inluminat
368 1431 396 1476 et
408 1427 503 1476 exurit.
518 1426 634 1488 eridem
648 1431 738 1476 antem
751 1427 846 1478 dieunt
857 1428 943 1477 solis
954 1429 1066 1492 ignem
1079 1444 1168 1494 aqua
1180 1431 1309 1479 nutriri

169 1501 202 1545 et
227 1512 241 1545 o
267 1495 446 1545 contrario
474 1494 638 1543 alimento
666 1496 827 1545 uirtutem
857 1495 994 1545 luminis
1018 1501 1046 1544 et
1072 1498 1184 1561 uaporis
1214 1499 1308 1547 acci·

169 1580 262 1629 pere;
281 1563 352 1612 unde
370 1564 530 1627 frequenter
547 1562 632 1612 selem
650 1563 773 1613 uidemus
790 1563 928 1613 madidum
945 1564 1033 1628 adque
1047 1570 1199 1627 rorantem,
1214 1566 1244 1614 in
1257 1582 1309 1633 qno

169 1631 283 1682 euidens
295 1631 344 1681 det
355 1630 495 1692 indicium,
509 1631 579 1695 qnod
593 1630 751 1680 elimentum
764 1647 895 1695 aquarum
907 1631 942 1681 ad
955 1633 1114 1697 temperiem
1127 1633 1171 1682 sui
1184 1648 1306 1701 sumpse-

167 1701 213 1749 rit.
242 1698 294 1748 hoc
311 1704 442 1763 quantum
460 1698 495 1747 ad
512 1703 638 1747 naturam
656 1700 855 1764 eiuspertinct.
880 1699 915 1749 ad
933 1715 999 1750 nero
1011 1700 1088 1749 iuxta
1100 1701 1257 1767 spiritalem
1269 1703 1307 1752 ia·

168 1767 360 1831 tellegentiam
377 1765 418 1815 sol
439 1765 564 1815 Christus
582 1771 635 1828 est,
658 1767 730 1816 sicut
747 1769 775 1815 in
792 1766 932 1818 hialachia
948 1766 1090 1818 scribitur:
1113 1769 1200 1821 Vobis
1217 1776 1309 1820 autera

169 1837 214 1900 qui
228 1834 341 1884 creditis
359 1834 463 1883 orietur
479 1833 520 1883 sol
538 1834 662 1884 iustitiae
681 1839 709 1883 et
726 1836 833 1885 sanitas
849 1836 878 1885 in
894 1836 986 1901 pinnis
1004 1836 1071 1885 eius.
1096 1835 1199 1887 Merito
1218 1842 1307 1888 autem

169 1903 294 1952 Christus
311 1901 352 1952 sol
370 1900 542 1968 intellegitur
560 1901 664 1963 dictus,
683 1903 747 1967 quia
760 1908 839 1953 ortus
857 1904 961 1954 occidit
981 1905 1131 1954 secundum
1151 1921 1263 1955 carnem
1280 1909 1308 1955 et

168 1970 317 2021 secuudum
334 1970 460 2035 spiritum
479 1969 512 2019 de
531 1985 632 2019 oecasu
648 1985 739 2020 rursus
758 1976 867 2021 exortus
887 1977 937 2022 est.
967 1972 1033 2021 item
1054 1972 1095 2022 sol
1115 1973 1263 2023 inluminat
1279 1978 1306 2022 et

168 2038 260 2088 exurit
268 2043 297 2087 et
309 2053 395 2103 opaco
406 2043 528 2103 tempore
538 2038 667 2087 consonet
676 2054 766 2102 sanos,
782 2039 974 2090 febricitantes
985 2055 1050 2088 uero
1061 2041 1211 2105 flagrantia
1220 2040 1304 2106 gemi-

168 2107 226 2156 nati
240 2106 342 2156 caloris
354 2106 492 2156 incendit:
505 2107 545 2155 ita
557 2109 585 2155 et
595 2105 720 2156 Christus
729 2107 873 2158 credentes
884 2107 947 2157 fidei
959 2109 1058 2173 spiritu
1069 2124 1103 2158 ue
1126 2112 1221 2159 etanta
1235 2107 1304 2159 inlu·

168 2175 263 2236 minat,
277 2180 413 2239 negantes
425 2189 455 2224 se
468 2174 576 2223 aeterni
588 2174 662 2238 ignis
675 2174 771 2225 ardore
785 2173 920 2226 torrebit)
937 2175 1095 2225 Ambrosius
1106 2125 1170 2227 hes.
1181 2176 1209 2227 11
1221 2174 1247 2240 3,
1261 2175 1303 2226 ll:

169 2243 296 2293 ’Τισίεω
311 2248 402 2293 eutem
415 2243 489 2292 inest
500 2241 558 2291 illis
571 2242 750 2308 impugnandi
762 2243 889 2305 studium,
902 2248 933 2292 nt
944 2243 1029 2293 solem
1042 2246 1132 2308 ipsum
1144 2250 1250 2310 negent
1261 2260 1305 2294 ea·

168 2310 241 2360 lidae
252 2315 368 2361 naturae
378 2326 439 2360 esse
449 2325 481 2361 eo
495 2310 565 2374 qnod
578 2309 658 2360 albus
670 2313 716 2373 sit,
730 2326 783 2361 non
795 2311 961 2361 rubicundus
973 2316 1021 2361 aut
1032 2311 1131 2362 rutilus
1145 2313 1307 2379 inspeciem

168 2380 249 2444 ignis.
275 2384 303 2428 et
315 2378 377 2429 ideo
391 2379 478 2440 aiant,
503 2377 574 2443 quod
586 2393 638 2428 nee
650 2378 754 2444 ignitus
766 2384 866 2429 natura
877 2380 915 2429 sit
927 2385 955 2429 et
966 2380 991 2428 si
1009 2380 1073 2444 quid
1092 2379 1178 2430 habet
1189 2380 1307 2443 caloris,

169 2448 261 2497 icrunt
274 2463 308 2498 ex
320 2448 404 2497 nimio
417 2452 492 2496 motu
505 2447 692 2497 conuersionis
706 2447 843 2496 accidere.
872 2447 1017 2511 quodideo
1035 2447 1181 2498 dicendum
1199 2454 1308 2513 putant,

168 2521 198 2565 ut
210 2515 280 2565 nihil
292 2515 420 2565 uideatur
432 2514 551 2564 humoris
564 2529 737 2576 consumere,
755 2515 819 2579 qnia
832 2515 951 2564 calorem
965 2530 1016 2579 quo
1034 2515 1130 2564 humor
1147 2515 1192 2566 uel
1211 2517 1307 2567 minui-

168 2589 211 2633 tur
224 2582 269 2632 uel
281 2583 439 2649 plerumque
452 2583 611 2632 exhauritur
629 2598 683 2631 non
700 2582 784 2632 habet
796 2582 960 2632 naturalem.
984 2583 1031 2632 seu
1045 2583 1113 2632 nihil
1128 2591 1231 2649 agunt,
1249 2600 1307 2635 cnm

164 2638 224 2701 Ora
236 2657 413 2717 componunt,
434 2651 499 2715 quia
516 2648 584 2699 nihil
603 2650 717 2700 interest
728 2656 817 2699 utrum
836 2667 869 2700 en
885 2657 985 2700 natura
997 2651 1116 2700 calorem
1130 2653 1193 2716 quis
1205 2651 1310 2702 habeat

170 2737 204 2769 on
224 2736 257 2768 er
274 2721 403 2785 passione
423 2724 471 2768 aut
489 2717 582 2782 aliqua
600 2733 633 2766 ex
651 2717 756 2768 causa)
786 2718 843 2767 1111
861 2719 890 2780 3,
912 2717 942 2768 u:
961 2720 1006 2767 ‘At
1021 2735 1086 2768 nero
1100 2719 1140 2768 sol
1154 2736 1209 2769 non
1222 2720 1307 2770 solnm

169 2789 297 2837 uirtutem
315 2786 487 2836 illuminandi
507 2786 591 2835 hahet
607 2786 655 2834 scd
674 2787 756 2835 ctiam
773 2787 939 2850 uaporandi3
958 2787 1055 2851 igneus
1073 2792 1116 2836 cst
1128 2789 1211 2837 eninr⁴
1237 2789 1308 2851 ignis

170 2862 259 2904 autem
274 2861 302 2903 et
315 2854 460 2904 inluminat
472 2859 500 2904 et
513 2851 621 2902 exurit)
639 2853 697 2916 113,
715 2852 757 2903 13:
773 2854 859 2903 ‘Vnde
872 2855 1031 2919 frequenter
1044 2861 1071 2904 ct
1083 2854 1170 2905 solem
1184 2857 1309 2906 uidemus

169 2923 304 2971 madidum
319 2928 401 2987 atque
415 2926 559 2971 rorantem.
585 2922 614 2970 in
632 2937 684 2985 quo
698 2922 810 2971 euirlcns
827 2922 875 2970 ‹lat
893 2923 1039 2984 indicium,
1058 2923 1128 2987 quod
1147 2923 1307 2973 alimentum

169 2991 223 3040 sihi
236 3006 366 3054 aquarum
381 2991 415 3040 ad
428 2991 589 3055 temperiem
601 2991 643 3038 sui
655 2988 820 3055 sumpserit'
838 2997 949 3056 praeter
958 2991 1044 3040 uerba
1055 2991 1135 3040 ‘unde
1148 2992 1307 3057 frequenter

227 3058 378 3108 rorantem'
399 3075 432 3108 ex
449 3057 536 3107 Basili
553 3058 614 3106 hex.
634 3073 697 3122 pag.
717 3055 749 3106 ru
767 3059 793 3107 h.
813 3074 836 3106 u.
855 3058 1019 3108 Plutarchus
1032 3060 1061 3108 P.
1075 3059 1106 3107 Ρ.
1121 3060 1147 3108 ll
1165 3060 1214 3109 20:
1237 3054 1304 3119 Περί

170 3115 268 3183 οῦσίας
290 3116 381 3192 ἡλίου.
407 3117 641 3191 Ἀναξίμανδρος,
660 3119 765 3176 κῦκλον
783 3118 860 3175 εἷναι
877 3116 1245 3178 ὀκτωκαιεικοσαπλασίονα
1260 3126 1305 3192 τῆς

169 3192 230 3273 γης,
244 3185 402 3259 άμαρτείου
414 3192 517 3276 τροχοῦ
528 3186 581 3258 τὴν
593 3184 689 3257 άφίδα
701 3186 901 3259 παραπλήσιον
914 3188 1015 3259 ἔχοντα
1028 3193 1138 3260 κοίλην,
1151 3190 1248 3262 πλήρη
1257 3211 1304 3246 κυ-

170 3276 227 3325 ρσς·
240 3250 274 3329 ἦς
287 3256 359 3312 κατά
370 3279 396 3312 τι
408 3277 443 3328 με
463 3278 494 3320 ος
507 3253 658 3341 έκφαίνειν
670 3255 718 3312 διά
733 3261 850 3326 στομίου
859 3256 890 3313 τὸ
905 3261 971 3326 πῦρ,
984 3252 1076 3326 ὥσπερ
1087 3257 1136 3313 διά
1147 3264 1308 3330 πρηστῆρος

169 3321 269 3381 αῦλοῦ·
288 3327 337 3380 καλ
350 3321 424 3381 τοῦτ’
437 3279 512 3380 eleae
525 3346 575 3380 τον
588 3319 678 3396 ἥλιον.
702 3323 884 3396 Ξενοφάνης,
895 3321 925 3381 έκ
935 3330 1077 3394 πυριδίων
1086 3331 1142 3382 τῶν
1151 3333 1307 3397 συναθροι-

169 3392 293 3478 ζομένων
310 3393 363 3464 μέν
382 3390 412 3449 έκ
430 3397 480 3465 τῆς
498 3388 533 3462 ῦγ
553 3397 588 3456 άς
606 3388 829 3463 άναδυμιάσεως
847 3391 1094 3463 συναθροιζόντων
1110 3394 1142 3450 δέ
1154 3394 1205 3456 τόν
1216 3391 1307 3467 ἥλιον·

200 3461 287 3531 νέφος
297 3459 509 3533 πεπυρωμένον.
530 3415 569 3517 δῖ
581 3463 712 3530 Στωικσλ,
722 3456 840 3532 ἄναμμα
851 3459 951 3529 νοερόν
962 3459 991 3517 ἐκ
1002 3460 1156 3534 θαλάττης.
1177 3462 1308 3531 Πλάτων,

170 3483 200 3585 έν
214 3536 346 3585 πλείστου
365 3528 462 3599 πυρός,
489 3524 676 3598 Ἀναξαγόρας
689 3526 865 3600 Δημόκριτος
877 3528 1079 3599 Μητρόδωρος,
1100 3527 1244 3602 μόδρονὴ
1262 3531 1308 3586 πέ-

170 3620 237 3667 τρον
261 3596 410 3668 διάπυρον.
446 3594 641 3667 Ἀριστοτέλης,
671 3606 798 3668 σφαῖραν
818 3618 848 3653 εκ
871 3601 921 3652 τοῦ
940 3599 1068 3669 πέμπτου
1086 3600 1224 3671 σώματος.
1260 3603 1308 3654 Φι-
1339 3645 1344 3657 .

170 3668 270 3749 λόλαος
284 3664 298 3722 ό
313 3666 514 3737 Πυθαγόρειος
531 3662 678 3732 ὑαλοειδ”,
699 3664 854 3737 δεχόμενον
872 3665 925 3736 μὲν
942 3671 993 3721 τοῦ
1012 3664 1043 3721 έν
1055 3671 1094 3736 τῷ
1105 3665 1201 3738 κόσμῳ
1219 3666 1310 3737 πυρὸς

170 3735 222 3806 τὴν
245 3733 435 3805 ανταόγειαν,
460 3737 622 3805 διηθοῦντα
642 3688 673 3789 ol
692 3738 762 3803 πρὸς
779 3731 855 3821 ἡμᾶς
873 3732 904 3788 τό
923 3739 997 3804 φώς,
1020 3728 1090 3791 ὥστε
1109 3735 1309 3804 προσεοικέναι

169 3802 240 3874 ἡλίῳ
263 3802 296 3859 τό
315 3801 346 3859 έν
363 3809 402 3874 τῷ
425 3798 538 3872 οῦρανῳ
560 3806 703 3887 πυρῶδες,
727 3801 758 3858 τό
784 3808 816 3857 δε
840 3800 876 3883 δὴ
900 3797 949 3857 ἄπ’
971 3797 1060 3858 αῦτοῦ
1084 3803 1236 3872 πυροειδὲς
1259 3805 1309 3859 κοιλ

170 3870 373 3941 εσοπτροειδές·
392 3873 441 3926 καὶ
454 3875 564 3941 τρίτον,
588 3892 639 3943 την
662 3867 719 3926 α’πὸ
743 3875 794 3927 τοῦ
818 3867 956 3939 έσοπτροο
978 3866 1039 3926 κατ’
1060 3866 1221 3928 άνάκλαοιν
1246 3875 1309 3928 δια-

170 3939 359 4010 σπειρομένην
372 3938 441 4008 πρὸς
460 3938 535 4010 ἡμας
554 3934 656 4010 αῦγὴν·
676 3940 725 3993 καλ
742 3937 797 4025 γάρ
815 3937 924 4008 ταύτην
942 3938 1191 4011 προσαγορεύομεν
1215 3935 1308 4012 ἥλιον,

169 4007 259 4063 οἷονεί
278 4005 398 4062 είδοόλον
417 4010 545 4063 είδωλου,
559 4002 753 4079 Ἐμπεδοκλῆς
771 4003 824 4062 δύο
847 4003 959 4077 ἡλίους,
987 4005 1037 4063 τόν
1059 4006 1112 4078 μέν
1135 4003 1309 4080 α’ρχέτυπσν,

106 4101 109 4108 ·
170 4081 226 4146 πῦρ
241 4072 271 4130 έν
289 4079 328 4146 τῷ
346 4071 431 4144 έτέρῳ
443 4071 620 4158 ἡμισφαιρίῳ
638 4080 689 4130 τοῦ
706 4074 827 4146 κόσμου,
851 4073 1035 4146 πεπληρωκὸς
1057 4075 1090 4131 τὸ
1107 4072 1310 4160 ἡμισφαίριην,

169 4140 400 4226 αέλμκαταντικριῖι
414 4147 616 4228 ηῇιανταυγείᾳ
629 4140 733 4199 ἑαυτοῦ
746 4142 925 4228 τεταγμένον·
943 4142 993 4198 τόν
1006 4143 1037 4199 δὲ
1051 4142 1239 4216 φαινόμενον,
1258 4167 1310 4201 αν-

170 4232 305 4282 ταυγειαν
319 4208 350 4267 έν
362 4233 399 4284 τῳ
413 4232 498 4281 ετερῳ
515 4215 693 4282 ἡμισφαιρίῳ
711 4217 749 4283 τῷ
766 4233 816 4267 του
834 4231 918 4297 cepoe
930 4216 980 4267 τοῦ
993 4217 1047 4282 δερ
1070 4218 1190 4283 ομιγοῦς
1203 4220 1312 4303 πεπλη-

171 4280 299 4351 ρωμένῳ,
319 4276 376 4336 άπὸ
394 4283 581 4348 κυκλοτεροῦς
599 4284 648 4351 τῆς
672 4276 761 4350 αόγὴς
783 4275 843 4334 κατ’
864 4278 1023 4335 ανάκλασιν
1041 4233 1246 4354 έὴγιγνομένης
1270 4303 1313 4347 εις

170 4347 219 4402 τόν
238 4343 320 4419 ἥλιον
340 4347 390 4403 τόν
407 4352 643 4418 κρυσταλλοειδῆ,
662 4349 939 4419 συμπεριελκομένην
958 4348 990 4402 δέ
1008 4351 1041 4419 τῇ
1059 4350 1169 4421 κινήσει
1189 4353 1243 4406 τοῦ
1258 4371 1312 4406 πυ-

171 4421 261 4484 ρίνου·
289 4415 326 4479 τός
351 4415 384 4472 δέ
406 4415 532 4488 βραχέως
559 4412 701 4487 εῦρὴσδαι
729 4417 917 4487 συντεμόντα,
949 4413 1125 4487 α’νταόγειαν
1153 4417 1231 4475 εἷναι
1259 4423 1314 4475 τοῦ

639 4548 650 4572 0
