2964 5002
145 371 206 435 332
427 382 621 424 cannuensis
644 382 811 423 arasoavu
834 383 1009 432 sacrorum

152 572 246 663 Περὶ
268 573 339 641 seir
358 563 454 662 παρὰ
469 560 654 661 Ῥωμαίοις
672 571 837 660 θεωριῶν
859 570 919 639 καὶ
940 563 1089 661 «ἔχω’-νων
1110 574 1234 661 βιβλία
1256 564 1289 660 β’

25 729 93 800 184
104 726 145 769 **
233 735 566 801 Commemorabimus
585 748 751 796 cateruas
769 734 970 819 singulorum
991 734 1297 820 (spectaculorum),

146 838 265 927 quihus
288 834 508 901 incunabilis
536 835 723 915 insaecula
747 833 966 918 adoleuerint',
994 836 1115 911 exinde
1142 851 1295 898 'rlrvnos

148 938 369 1026 quorundam,
390 937 511 1023 quihus
527 935 714 1001 nominibus
737 946 981 1022 nuncupentur,
1006 937 1125 1001 exinde
1141 953 1296 1000 arrasa-

147 1057 227 1121 rv8,
256 1039 374 1127 quibus
397 1036 686 1125 superstitionibus
708 1038 927 1119 instruantur,
951 1047 1019 1102 tum
1040 1054 1148 1122 Loca,
1174 1038 1295 1124 quibus

146 1140 354 1228 praesidibus
367 1139 526 1222 dicentur,
536 1149 603 1202 tum
619 1154 740 1221 sarua,
752 1138 871 1225 quibus
882 1138 1072 1204 auctoribus
1084 1140 1317 1227 deputcnuar.⁵

24 1324 146 1398 l85**
232 1327 345 1415 Lydos
377 1349 420 1391 ex
451 1326 536 1390 Asia
567 1334 760 1390 transuersas
792 1325 826 1388 in
852 1313 1000 1390 Etruria
1020 1324 1211 1391 consedisse
1240 1324 1296 1390 Ti-

146 1451 258 1494 maeus
286 1427 389 1492 refert
415 1427 498 1491 duee
527 1426 699 1515 Tyrrheno
728 1427 784 1513 qui
812 1427 907 1490 fratri
934 1446 993 1491 suo
1028 1436 1174 1490 cesserat
1202 1428 1296 1512 regni

236 1581 321 1637 ¹84³*
338 1582 526 1633 Tertullianus
545 1583 578 1633 de
598 1581 766 1647 spectaculis
784 1582 808 1633 l.
827 1606 861 1617 -·
881 1580 924 1633 132
949 1579 1033 1632 ‘satls
1051 1583 1149 1649 opinor
1167 1582 1295 1648 impleui-

148 1669 207 1705 mus
226 1655 362 1712 ordinem,
380 1656 446 1715 quot
464 1655 492 1700 et
510 1650 608 1716 quibus
627 1650 714 1699 modis
733 1648 894 1714 spectacula
912 1648 1090 1701 idololatrian
1109 1651 1295 1714 committant,

148 1723 182 1772 de
202 1720 353 1785 originibus
372 1718 405 1769 de
424 1719 512 1768 titulis
531 1719 564 1768 do
583 1717 765 1783 apparatibus
784 1718 818 1768 de
841 1716 910 1768 locis
928 1718 962 1769 ds
981 1716 1126 1768 artificiis)
1161 1717 1197 1768 ὃς
1223 1719 1296 1773 ‘nou

147 1791 202 1841 ibis
224 1791 252 1838 in
276 1790 390 1848 circum,
415 1802 468 1836 non
492 1787 520 1834 in
539 1786 689 1848 theatrum,
711 1800 843 1851 agonem,
862 1800 958 1837 uranus
976 1801 1030 1835 non
1048 1784 1212 1852 spectabis'
1247 1784 1294 1836 20:

150 1856 287 1921 ‘numquid
306 1870 372 1919 erge
391 1858 419 1902 et
437 1857 517 1904 extra
533 1853 636 1902 limites
655 1852 724 1902 circi
743 1854 830 1903 furori
847 1851 989 1903 studemus
1012 1857 1040 1903 et
1067 1858 1146 1904 extra
1166 1852 1296 1904 cardines

148 1922 251 1974 theatri
274 1921 464 1987 impudicitiae
487 1920 654 1971 intendimus
677 1925 706 1970 et
729 1920 897 1983 insolentiae
916 1927 996 1971 extra
1013 1920 1132 1971 stadium
1158 1928 1187 1970 et
1205 1922 1295 1972 immi-

147 1991 315 2042 sericordiae
340 1993 419 2037 extra
442 1989 690 2054 amphitheatrum,
719 1989 792 2054 quod
813 1988 881 2039 deus
904 1989 990 2038 etlam
1012 1994 1090 2039 extra
1113 2005 1242 2039 cameras
1267 1995 1296 2040 et

148 2059 250 2125 gradus
270 2062 297 2107 ct
316 2057 425 2121 apulias
443 2055 538 2105 oculos
555 2055 660 2105 habet!
696 2055 743 2106 aa:
764 2056 807 2106 ‘iu
824 2055 937 2106 his'tibi
956 2057 1097 2107 circenses
1109 2056 1189 2107 ludos
1208 2058 1295 2108 inter-

148 2132 266 2193 pretare,
287 2139 382 2174 cursus
395 2124 503 2174 saeculi
516 2125 637 2188 intuere,
656 2128 781 2191 tempora
792 2123 933 2187 labentia,
952 2126 1046 2191 spatia
1064 2125 1219 2183 dinumera,
1239 2143 1295 2175 rne-

142 2202 192 2253 ,tas
218 2191 463 2243 consummationis
487 2197 619 2258 expecta,
644 2193 796 2243 societates
819 2191 1001 2242 ecclesiarum
1019 2192 1155 2252 clusensis,
1184 2192 1220 2242 ad
1239 2194 1295 2259 sig-

147 2278 210 2312 num
229 2261 273 2310 dei
293 2260 443 2320 suscitare,
470 2260 505 2309 ad
527 2260 623 2309 tubam
648 2260 741 2326 angeli
765 2260 887 2326 erigere,
911 2259 947 2309 ad
964 2260 1091 2325 martyrii
1109 2260 1217 2325 palmas
1237 2261 1296 2327 glo·

147 2331 230 2381 riare.
266 2330 291 2378 si
309 2328 439 2377 scenicae
457 2326 600 2378 doctrinae
619 2328 775 2391 delectant,
795 2328 865 2379 satis
883 2328 964 2377 nobis
975 2326 1131 2378 litterarum
1151 2328 1205 2389 est,
1223 2327 1296 2379 satis

146 2412 274 2447 uersuum
294 2400 350 2455 est,
370 2395 440 2445 satis
458 2395 673 2457 sententiarum,
692 2397 761 2446 satis
780 2396 864 2445 etiam
882 2394 1070 2459 canticorum,
1094 2396 1166 2445 satis
1183 2411 1296 2460 uocnm,

147 2482 200 2516 uec
219 2465 332 2514 fabulae
351 2463 401 2512 sed
418 2464 554 2512 ueritates
572 2479 625 2513 neo
644 2463 774 2530 strophae
792 2463 840 2513 sed
858 2463 1065 2528 simplicitates.
1101 2464 1144 2513 uis
1164 2468 1192 2513 et
1204 2464 1296 2530 pugil-

147 2534 221 2584 latus
240 2537 268 2582 et
285 2532 424 2581 luctatus?
447 2535 560 2596 praesto
578 2535 641 2580 saint
659 2547 713 2580 nen
731 2547 819 2597 parua
846 2536 874 2580 et
892 2531 988 2580 mults.
1030 2531 1124 2596 aspice
1148 2532 1296 2597 impudici·

147 2603 214 2651 tiam
235 2617 250 2649 a
270 2599 411 2655 castitate,
431 2597 573 2664 perfidiam
593 2615 704 2648 caesam
724 2616 740 2649 a
754 2598 816 2661 lide,
836 2599 983 2649 saeuitiam
996 2615 1013 2649 a
1025 2599 1216 2650 misericordia
1230 2617 1295 2651 con-

147 2675 251 2730 tusam,
275 2666 459 2732 petulantiam
483 2682 499 2715 a
525 2666 657 2716 modestia
680 2667 883 2728 obumbratam,
909 2671 938 2720 et
961 2665 1032 2716 tales
1057 2672 1121 2715 sunt
1145 2668 1219 2733 apud
1244 2684 1295 2718 noa

149 2753 260 2800 agones,
280 2735 307 2782 in
327 2734 425 2796 uiribus
443 2734 497 2799 ipsi
516 2750 684 2783 coronamur.
722 2736 764 2783 uis
779 2741 869 2784 autem
890 2741 918 2784 et
936 2735 1080 2799 sanguinis
1100 2733 1226 2800 aliquid?
1245 2737 1295 2785 ha·

148 2805 197 2853 hes
217 2800 337 2851 curisti)
374 2800 420 2849 21:
445 2801 499 2851 ‘sie
525 2818 590 2866 ergo
610 2803 715 2863 euenit,
744 2808 774 2851 ut
797 2804 842 2867 qui
866 2803 894 2850 in
917 2802 1028 2867 publico
1052 2803 1097 2852 uix
1120 2805 1295 2854 necessitate

147 2872 258 2920 rresicae
279 2869 400 2917 tunicam
419 2869 501 2929 louet,
520 2871 586 2918 item
605 2870 633 2918 in
653 2871 727 2919 circo
748 2870 829 2919 aliter
847 2886 899 2920 non
919 2877 1011 2927 exuat,
1030 2871 1083 2919 uisi
1103 2875 1190 2920 totum
1209 2873 1295 2936 pudo·

147 2955 203 2987 rem
222 2939 249 2985 in
269 2936 369 2984 faciem
389 2939 507 2986 samium
525 2938 652 2994 intentet,
672 2943 702 2986 ut
721 2945 748 2987 et
767 2939 811 3002 qui
830 2938 905 2987 tiliae
925 2938 1041 3002 uirginis
1060 2939 1094 2987 ab
1108 2939 1180 2987 omni
1194 2955 1296 3003 spurco

147 3007 231 3055 uerbo
252 3020 331 3053 aures
351 3009 457 3066 tuetur,
483 3007 541 3070 ipse
567 3023 627 3055 esni
652 3007 680 3054 in
704 3005 841 3054 theatrum
866 3006 900 3055 ad
918 3004 981 3054 illas
999 3022 1083 3055 uoces
1102 3007 1294 3072 gesticulatio·

146 3089 249 3136 nesque
273 3071 404 3121 deducat:
435 3078 462 3123 et
485 3074 529 3138 qui
554 3073 581 3123 iu
606 3073 706 3137 plateis
730 3074 806 3122 litem
825 3088 907 3122 mauu
926 3081 1055 3138 agentem
1074 3080 1123 3122 aut
1141 3077 1297 3140 compescit

147 3146 195 3190 uait
213 3141 380 3201 detestatur,
405 3141 478 3190 idem
496 3143 524 3190 in
542 3142 631 3191 stadio
650 3142 823 3205 grauioribus
842 3142 941 3206 pugnis
960 3141 1125 3206 suffragium
1151 3142 1240 3191 ierat:
1267 3150 1296 3193 et

147 3209 193 3272 qui
219 3208 251 3256 ad
276 3207 397 3258 iiatdauer
420 3209 535 3258 hominis
554 3209 688 3259 communi
710 3209 773 3273 lege
792 3209 915 3258 defuncti
936 3208 1077 3265 exhorret.
1097 3211 1169 3260 idem
1188 3210 1217 3259 in
1238 3228 1294 3260 arrr-

146 3277 304 3340 phitheatro
327 3275 426 3325 derosa
451 3283 479 3326 et
501 3277 637 3342 dissipata
661 3281 689 3326 et
711 3277 740 3325 in
763 3292 811 3326 siro
835 3279 970 3341 sanguino
994 3277 1153 3341 squalentia
1176 3294 1295 3343 corpora

147 3343 356 3408 patientissimis
384 3344 470 3394 oeulis
499 3345 617 3410 desuper
640 3346 794 3405 incumbat,
824 3345 905 3393 inuno
933 3345 977 3408 qui
1001 3350 1112 3410 propter
1134 3346 1294 3397 lmmieidae

147 3427 264 3476 poenam
288 3411 455 3475 probandam
476 3413 510 3461 ad
529 3413 718 3477 spectaculum
736 3413 846 3476 uemiat,
866 3412 938 3461 idem
957 3412 1138 3476 gladiatorem
1159 3414 1194 3463 ad
1207 3414 1293 3463 11οηιί-

148 3479 246 3527 eidium
261 3479 378 3543 flagellis
396 3487 424 3529 et
442 3481 526 3543 uirgis
546 3480 693 3545 calamellat
711 3482 835 3542 inuitum,
856 3486 883 3529 ct
902 3481 946 3545 qui
965 3480 1107 3546 insigniori
1128 3483 1227 3546 ruique
1247 3482 1294 3532 ho-

148 3546 400 3602 micidaeleoaem
425 3550 527 3613 poscit,
552 3549 623 3597 idem
647 3548 795 3613 gladiatori
819 3549 906 3597 atroci
929 3554 1008 3613 petat
1031 3549 1125 3597 rudem
1144 3555 1172 3597 et
1191 3550 1293 3614 pileum

146 3616 296 3679 praemium
318 3617 456 3675 conferat,
481 3616 556 3665 illum
580 3632 646 3665 uero
670 3618 826 3665 conlectum
851 3616 934 3665 etiam
954 3617 1008 3665 oris
1031 3617 1194 3681 spectaculo
1215 3634 1293 3682 repe.

148 3689 197 3742 tut,
217 3682 347 3731 libentius
367 3699 568 3748 recognoscens
587 3685 619 3732 de
639 3685 760 3747 proximo
780 3700 858 3748 quem
876 3685 965 3733 uoluit
982 3685 1107 3733 occidere.
1127 3684 1160 3733 de
1185 3684 1293 3747 lougin-

148 3767 209 3813 quo,
229 3755 306 3797 tanto
325 3751 417 3800 «leuior
435 3752 457 3800 si
476 3768 530 3801 non
547 3748 654 3800 uoluit'
676 3778 702 3786 -
742 3752 862 3800 Isidorus
886 3753 973 3816 origg.
993 3751 1146 3809 xvidie,
1171 3751 1199 3801 3:
1222 3755 1291 3803 ‘lm-

147 3820 196 3868 dus
216 3822 308 3866 autem
328 3821 470 3882 gymnicus
490 3825 532 3869 est
551 3826 598 3870 aad
617 3820 748 3868 circensis
768 3824 815 3868 aut
833 3820 1013 3880 glaadiatorius
1032 3825 1079 3869 aut
1097 3820 1247 3869 scenicus?

236 3883 321 3935 tat*
340 3887 526 3936 Tertullianus
545 3887 577 3936 de
597 3887 765 3952 spectaculis
783 3888 811 3935 5:
838 3887 890 3936 ‘lle
915 3887 1066 3951 originibus
1085 3888 1194 3951 quidem
1208 3895 1238 3937 ut
1251 3906 1293 3938 so·

146 3955 309 4003 cretioribus
329 3959 357 4000 et
376 3955 476 4015 ignotis
495 3970 580 4019 lienes
598 3955 690 4019 plures
708 3961 860 4004 nostrorum
880 3956 962 4004 altius
981 3971 1032 4004 nec
1046 3955 1156 4004 aliunde
1176 3957 1292 4006 inuesti-

146 4022 264 4085 gundum
285 4022 344 4075 suit.
365 4037 445 4084 ‹puun
464 4023 497 4071 dc
517 4023 704 4071 instrumentis
723 4023 899 4072 ethnicalium
919 4023 1081 4072 litterarum.
1110 4030 1210 4072 ext-unt
1228 4041 1291 4074 aire-

146 4096 220 4137 tares
240 4088 325 4137 inulti.
346 4090 390 4150 qui
410 4105 493 4153 suaper
510 4090 563 4139 ista
583 4107 610 4138 re
630 4092 841 4141 commentarios
860 4091 1012 4140 ediderunt¹
1051 4091 1085 4141 ab
1104 4091 1147 4140 his
1167 4090 1291 4142 ludorum

230 4234 322 4285 llum
336 4246 389 4282 om.
407 4229 431 4280 Α
448 4226 567 4294 (=cod.
585 4245 646 4300 rep.
668 4234 744 4285 1⁶22
756 4247 780 4286 s.
804 4230 909 4297 VIIII,
929 4232 977 4285 Aa
992 4232 1148 4286 secundum
1168 4232 1292 4301 Boluzir',

145 4313 192 4366 Ab
210 4314 366 4367 secturdum
388 4311 581 4368 Hildebrancli
594 4315 794 4387 resitutionem)
811 4308 856 4393 {lb
873 4312 961 4372 ludos
982 4309 1063 4394 Alli
1086 4321 1213 4391 tyrreno
1234 4320 1258 4372 A
1277 4311 1290 4395 ll

146 4410 199 4448 suo
221 4392 369 4472 cesserat]
390 4416 441 4452 aas
456 4400 628 4454 cesseratA
