2964 5002
135 330 194 394 118
505 352 547 391 oa
569 352 656 393 mnis
680 352 892 393 racvsrnrsrs

134 621 236 686 usque
272 599 312 661 ad
348 600 516 664 infamiam
546 601 629 682 oris,
669 601 819 688 dictoque
847 624 912 664 non
947 601 1090 663 infaceto
1123 610 1265 664 notatum

133 701 242 764 ferunt
255 701 435 782 cuiusdam,
451 705 516 789 qui,
531 703 634 788 (cum)
647 724 719 765 emn
732 704 763 764 in
776 701 872 766 turba
885 701 1030 766 osculum
1044 701 1109 765 eibi
1122 704 1269 787 ingeren-

132 815 197 865 tem
211 825 406 890 qumnquam
423 804 590 889 refugiens
609 803 756 868 deuitare
772 826 837 868 non
853 819 977 890 posset,
994 805 1057 866 ‘uis
1073 813 1134 885 tu’,
1153 805 1269 890 inquit,

134 905 317 988 magister,
339 907 488 992 quotiens
512 906 723 969 haesitantem
747 905 886 992 aliquem
911 906 1020 984 melea,
1043 903 1292 988 abligurire?’s

83 1018 122 1078 24
220 1023 256 1070 u.
285 1023 456 1070 vatstrtvs
487 1023 619 1070 Ptrossvs
648 1007 801 1094 Berytius
831 1007 886 1070 (liu
917 1009 1133 1071 centuriatum
1164 1007 1269 1092 petiit,

135 1105 238 1170 donec
270 1109 378 1172 taedio
411 1109 452 1172 ad
485 1109 594 1172 studia
618 1131 653 1172 se
682 1109 827 1173 contulit.
882 1112 1008 1193 legerat
1035 1109 1067 1171 in
1100 1108 1272 1193 prouincia

134 1209 290 1294 quosdam
315 1221 441 1274 ueteres
462 1210 590 1275 libellos
610 1211 695 1298 apud
718 1213 984 1296 grammatistam,
1004 1209 1143 1273 durante
1163 1209 1270 1272 adhuc

133 1309 180 1374 ibi
206 1313 412 1398 antiquorum
440 1314 595 1376 memoria
624 1314 760 1378 necdum
793 1315 922 1376 ommno
947 1310 1069 1375 abolita
1091 1312 1177 1374 sicut
1205 1310 1269 1382 Bo·

135 1434 216 1476 mae.
266 1413 324 1477 hos
353 1436 425 1477 cum
455 1414 644 1500 diligentius
675 1425 837 1502 repeteret
866 1424 963 1500 atquc
994 1412 1077 1477 alios
1112 1412 1307 1498 deincepsu

56 1560 62 1567 -
133 1535 330 1597 cognoscere
353 1526 499 1602 cuperet,
531 1517 680 1603 quamuis
708 1538 820 1579 omnes
842 1517 1002 1579 contemni
1025 1517 1196 1601 magisque
1215 1512 1270 1578 ob-

133 1614 264 1702 probrio
293 1615 477 1700 legentibus
506 1639 602 1704 quam
631 1615 755 1701 gloriae
774 1625 806 1680 et
827 1616 945 1681 fructui
971 1640 1043 1680 esse
1065 1615 1270 1679 animaduer-

133 1725 224 1796 teret,
249 1717 350 1781 nihilo
368 1719 474 1781 minus
496 1719 528 1780 in
544 1719 709 1805 proposito
725 1721 859 1800 mansit,
881 1719 1047 1804 multaque
1069 1717 1271 1804 exemplaria

134 1829 302 1882 contracta
324 1820 497 1882 emendare
518 1841 558 1882 ac
586 1820 786 1905 distinguere
809 1828 841 1883 ct
870 1819 1028 1883 adnotare
1054 1819 1184 1883 curauit
1210 1816 1269 1882 soli

134 2024 204 2073 alias
222 2026 403 2089 grammatica
416 2030 475 2074 arte
488 2024 600 2087 celebri,
620 2026 648 2074 iu
666 2025 743 2075 hisce
757 2028 806 2076 XX
821 2028 900 2076 annis
912 2032 1035 2075 mercato
1048 2041 1094 2075 rus
1106 2041 1141 2075 nc
1154 2027 1183 2075 M
1195 2040 1268 2074 utrm·

134 2109 204 2141 nmm
223 2093 251 2141 in
270 2093 364 2142 eodem
383 2093 553 2143 Nomentano
572 2093 679 2143 decumi
698 2094 799 2160 lapidis
814 2095 849 2144 ab
863 2095 929 2144 urhe
942 2093 1122 2143 deuerticulo.
1160 2099 1205 2143 cst
1223 2108 1268 2142 au·

133 2166 187 2209 tem
207 2175 400 2226 usquequaque
423 2165 489 2210 nota
511 2160 606 2211 uilitas
629 2163 728 2212 mercis
751 2163 910 2227 peremnia
927 2163 1097 2221 suburbana,
1119 2162 1159 2211 ibi
1177 2168 1268 2210 tamen

133 2243 268 2290 maxuma,
287 2230 415 2293 quoniam
433 2233 462 2278 ct
479 2229 608 2293 neglecta
626 2228 802 2293 indiligentia
820 2231 935 2296 praedia
952 2235 1116 2296 parauerat,
1136 2245 1170 2278 ac
1188 2245 1223 2279 ne
1242 2228 1269 2278 in

132 2296 266 2362 pessumis
285 2296 393 2361 quidem
412 2296 591 2360 elegantioris
608 2297 668 2347 soli.
703 2297 774 2348 hacc
787 2300 934 2364 adgressus
952 2298 1078 2348 excolere
1094 2312 1148 2345 uon
1167 2298 1269 2347 uirtute

134 2364 219 2413 animi
237 2364 285 2413 sod
304 2364 429 2414 uanitate
447 2366 543 2429 primo,
563 2381 633 2430 quae
651 2372 718 2415 uota
736 2368 804 2416 mire
824 2368 850 2416 in
871 2384 902 2416 eo
922 2367 988 2428 fuit,
1007 2365 1158 2431 pastinatis
1177 2365 1211 2414 de
1230 2366 1269 2414 in·

133 2438 211 2495 tegre
235 2433 325 2482 uineis
344 2448 410 2481 cura
429 2432 565 2493 Stheneli,
590 2433 652 2482 dum
676 2434 827 2499 agricolam
846 2435 981 2493 imitatur,
1007 2433 1041 2482 ad
1064 2434 1110 2481 uix
1136 2433 1270 2482 credibile

134 2499 293 2550 miraculum
312 2500 445 2565 perduxit,
468 2501 542 2549 intra
559 2508 685 2551 octauom
704 2518 804 2552 aunum
822 2503 918 2552 cccohl
931 2517 1067 2551 nummum
1086 2502 1206 2565 emptori
1225 2500 1269 2551 ad·
1306 2506 1312 2521 ‘

134 2570 210 2617 dicta
222 2569 359 2633 pendente
374 2568 522 2617 uindemia.
559 2571 733 2634 cucurritque
753 2587 831 2620 nemo
849 2586 902 2620 non
921 2571 954 2619 ad
972 2568 1140 2633 spectandas
1157 2584 1270 2619 unarum

135 2639 162 2686 iu
181 2637 224 2685 his
243 2637 333 2685 uineis
351 2643 451 2691 strues.
478 2635 578 2685 litteris
597 2636 656 2686 eius
681 2635 839 2699 altioribus,
865 2644 961 2688 contra
980 2637 1007 2686 id
1025 2637 1104 2701 pigra
1122 2637 1269 2703 uicinitate

135 2706 188 2755 sihi
200 2705 414 2769 patrocinante,
439 2704 587 2753 nouissime
611 2705 724 2754 Annaeo
743 2708 863 2766 Seneca,
887 2706 1011 2771 principe
1031 2710 1086 2753 tum
1107 2705 1270 2754 eruditionis

136 2790 168 2823 ac
192 2774 345 2838 potentiae,
371 2787 441 2836 quae
464 2777 599 2835 postremo
622 2773 707 2821 nimia
732 2775 784 2822 tuit
806 2789 887 2838 super
906 2775 1006 2838 ipsum,
1033 2773 1150 2821 miumne
1175 2774 1270 2838 utique

135 2843 264 2890 miratore
283 2841 413 2900 inanium,
433 2844 511 2889 tanto
530 2839 624 2904 praedi
644 2841 702 2890 eius
721 2857 812 2891 amore
831 2848 912 2906 capto
931 2848 1032 2890 sitnon
1053 2841 1168 2902 puderet
1182 2841 1270 2890 inuiso

135 2909 206 2958 alias
226 2914 254 2956 ct
271 2915 442 2957 ostentaturo
460 2907 569 2958 tradere
592 2908 709 2971 palmam
735 2925 810 2968 eam,
834 2909 933 2974 emptis
957 2908 1162 2973 quadriplicato
1182 2910 1270 2957 uineis

134 2976 188 3025 illis
208 2976 280 3024 iutra
297 2976 438 3025 decumum
459 2976 516 3024 fere
536 2991 618 3025 curae
637 2992 751 3036 aunmn;
774 2977 858 3042 digna
883 2993 966 3042 opera
990 2992 1059 3040 quae
1085 2977 1112 3024 iu
1133 2976 1271 3026 (laceuhis

134 3045 290 3107 Setinisque
314 3044 388 3106 agris
411 3043 568 3108 proficeret,
599 3044 707 3107 ‹prando
731 3051 758 3094 et
780 3051 876 3109 postca
899 3060 981 3108 saepe
1006 3059 1117 3092 munmo
1142 3052 1271 3109 septenos

135 3113 227 3162 culeos
248 3113 360 3202 pinguia
384 3113 478 3176 iugera
501 3112 552 3159 hoc
581 3120 623 3160 est
652 3112 796 3177 amphoras
820 3119 951 3162 centenas
976 3112 1169 3175 quadragenus
1190 3113 1272 3162 unisti

135 3180 243 3229 dedere.

217 3248 303 3313 llsqq.
324 3248 505 3311 Hieronymus
524 3247 566 3296 01.
585 3245 673 3307 eost
692 3246 728 3310 (a.
746 3249 820 3310 tom:
842 3249 955 3298 ‘Probus
968 3248 1097 3310 Berytius
1117 3248 1269 3298 eruditissi-

135 3332 194 3365 mus
211 3317 450 3380 grammaticorum
465 3316 566 3365 Romae
580 3317 740 3382 agnoscitur
757 3315 805 3382 (Ia
828 3334 873 3382 nep.
894 3316 933 3365 B:
953 3315 1023 3364 alter
1041 3315 1268 3380 grammaticum!

223 3506 379 3593 lpdidisse
397 3510 418 3565 G
433 3501 447 3588 ΙΙ
461 3505 629 3583 edictoque
647 3508 704 3564 ll'l:
721 3505 801 3564 dicto
820 3525 940 3584 quoquc
957 3476 1079 3584 stauai}
1095 3518 1112 3568 3
1131 3506 1182 3585 qui
1205 3525 1272 3564 cum

136 3612 203 3672 eum
224 3596 343 3665 scripsi:
369 3592 506 3671 quicum
535 3592 630 3648 l'NGI
653 3592 704 3671 qui
729 3612 796 3649 cum
818 3596 840 3650 0
862 3586 982 3671 ombll
998 3602 1014 3651 t
1031 3610 1205 3671 quanquam
1223 3593 1272 3650 (20

135 3673 147 3756 l
166 3670 281 3735 euitare
298 3679 317 3733 Ι
335 3671 347 3756 ΙΙ
368 3679 517 3758 oqnoties
534 3682 555 3735 G
570 3671 583 3756 Η
599 3675 798 3736 haesitantem
818 3680 936 3751 scripsi:
955 3676 1148 3735 festinantem
1167 3680 1235 3734 libri
1257 3671 1270 3758 ll

135 3828 307 3910 ablygurire
334 3831 356 3887 V
371 3825 384 3910 ll
399 3838 415 3890 6
430 3830 552 3888 Marcus
569 3833 590 3887 L
606 3827 619 3910 ll
635 3831 776 3910 Berytius
796 3833 841 3888 Vs·
863 3829 991 3887 lleritius
1011 3787 1163 3887 Lberitus
1180 3832 1199 3887 l
1212 3831 1270 3888 Be·

135 3916 217 3973 ritics
231 3918 259 3972 N
269 3914 380 3973 bertics
398 3910 449 3995 011
465 3917 664 3973 centuriatum
681 3919 699 3974 1
713 3917 876 3973 centuriam
894 3918 922 3971 Ν
934 3908 947 3996 ll
962 3921 976 3976 7
992 3912 1074 3972 tedio
1093 3918 1115 3971 L
1131 3914 1234 3974 toedio
1248 3920 1270 3974 (ι’

144 4066 148 4148 Ι
163 4070 313 4146 Legereat
325 4070 344 4127 I
355 4063 367 4149 ll
382 4036 483 4147 eaput
497 4072 515 4126 I
527 4064 539 4147 ll
554 4064 727 4148 emuniuit
746 4082 777 4130 10
789 4089 855 4127 cum
868 4088 921 4126 om.
936 4072 958 4125 t)
973 4062 985 4146 ll
1002 4013 1153 4144 digentius
1164 4070 1182 4124 1
1193 4064 1208 4148 Η
1224 4088 1270 4126 re·

136 4175 244 4232 cepere
264 4159 285 4211 Ο
305 4151 319 4236 ll
342 4165 370 4216 tt
388 4174 491 4212 omnes
515 4157 614 4211 Vena
633 4174 674 4212 se
691 4158 726 4248 AG
744 4155 784 4226 (ia
802 4174 856 4229 my.
871 4173 947 4210 man.
964 4159 988 4209 2.
1011 4155 1139 4244 Aomues)
1162 4174 1195 4211 se
1216 4158 1234 4212 I
1257 4148 1269 4237 ll

135 4264 294 4343 obprobrio
335 4268 434 4325 Vh'oo
460 4264 619 4345 obpropria
642 4269 658 4323 1
682 4265 826 4344 opprobio
851 4268 872 4322 L
897 4260 910 4345 ll
934 4260 1189 4341 radingensium
1213 4269 1232 4323 I
1256 4263 1268 4347 11

136 4368 263 4426 fructum
281 4372 298 4427 l
309 4364 322 4451 ll
342 4368 493 4432 tssnichilo
513 4370 555 4425 1⁷1
565 4363 579 4449 ll
598 4380 628 4430 tt
641 4361 724 4440 )⁸cta
735 4370 754 4424 I
766 4362 780 4449 ΙΙ
795 4368 940 4427 adnotear
958 4371 1003 4427 VO
1017 4377 1163 4426 annotare
1177 4356 1275 4428 LNGl
