2964 5002
162 381 225 442 sto
498 393 719 445 ovsssrronns
743 392 969 436 svnronmnsn

165 550 229 610 dite
243 548 335 622 cxl,
351 555 478 607 mortem
489 546 617 625 Pompei
629 548 660 605 in
674 545 753 605 libro
769 544 862 605 CXII
875 553 1028 604 narratam
1044 564 1121 620 esse,
1140 563 1207 605 cum
1220 554 1304 604 utra·

163 671 223 733 que
237 652 276 711 ab
294 650 483 728 Hieronymo
502 649 623 708 inverso
645 646 749 707 ordine
769 646 808 707 ad
830 644 960 706 eundem
976 667 1087 707 annum
1106 647 1304 709 referrentur.

163 762 325 835 praeterea
339 752 445 811 munm
467 750 548 809 foret
563 752 588 810 si
606 750 813 831 Hieronymus
827 749 906 808 hano
920 757 1034 809 tanturn
1051 759 1168 830 partem
1181 750 1306 811 Liviani

164 856 263 937 operis
279 839 446 934 excerpere
463 851 620 911 voluisset.
649 871 708 911 nec
722 852 858 910 nominat
871 851 991 910 Livium
1008 851 1063 911 sed
1078 852 1195 931 profert
1205 853 1305 912 Trau-

166 958 254 1039 quilli
272 975 382 1016 nornen
396 954 448 1014 ubi
464 961 604 1013 auctores
625 951 897 1012 additamentorum
915 942 1034 1013 suorum
1050 952 1203 1031 significat
1219 952 1306 1032 (tom.

164 1058 244 1120 VIII
257 1066 315 1136 p.l
336 1056 445 1135 Vull.):
472 1076 490 1113 o
506 1058 589 1115 Troia
606 1073 692 1130 usqne
706 1059 745 1113 net
757 1060 914 1114 messmam
929 1057 1100 1114 Constantini
1112 1075 1217 1113 annum
1231 1077 1308 1117 nnnc

165 1164 259 1220 addito
273 1177 347 1219 nanc
362 1163 449 1217 mixto
467 1161 674 1231 snntpturimo,
690 1175 761 1232 qnae
775 1160 810 1215 ‹le
829 1160 989 1234 Tranquillo
1005 1167 1031 1214 et
1044 1162 1144 1216 esteris
1157 1161 1308 1218 illustribus

164 1266 303 1322 historicis
317 1264 519 1336 eucnpsinrus.
544 1261 639 1319 ceteri
653 1268 755 1318 autem
766 1258 903 1318 historici
922 1278 998 1338 quos
1014 1258 1222 1341 Hieronymus
1235 1281 1308 1320 con·

166 1363 260 1424 suluit
270 1363 361 1440 longe
373 1371 444 1422 sunt
460 1361 636 1440 posterioris
648 1361 758 1421 aetatis
770 1380 861 1440 quam
877 1359 1145 1440 quaTranqnillus
1160 1363 1249 1422 vixit.
1266 1364 1307 1422 cf.

166 1466 371 1525 Mommseuus
382 1462 404 1525 l.
418 1484 444 1524 c.
459 1485 489 1545 p.
499 1472 568 1537 683,
585 1462 637 1522 ubi
654 1461 789 1521 tabulam
804 1470 960 1521 auctorum
976 1464 1089 1540 exegit.
1107 1463 1213 1545 itaque
1227 1464 1308 1545 quod

168 1566 329 1629 Suetonius
347 1585 450 1626 eorum
472 1565 699 1647 antiquissimus
717 1565 788 1638 fuit,
812 1563 844 1623 id
865 1565 897 1623 in
922 1583 1014 1623 cause
1033 1564 1128 1625 inisse
1150 1576 1253 1646 patet,
1275 1575 1309 1626 ut

166 1670 371 1748 Hieronymus
401 1667 439 1726 ad
467 1670 532 1727 eius
561 1667 656 1727 solius
680 1667 890 1727 auctoritatem
915 1668 1090 1726 nominatim
1114 1677 1309 1746 provocaret.

167 1771 276 1845 quodsi
290 1771 371 1829 hunc
387 1769 564 1847 fragmentis
576 1789 656 1849 quas
672 1788 764 1849 supra
779 1769 868 1847 posui
880 1768 1037 1828 historiam
1048 1768 1221 1829 huiusmodi
1237 1791 1308 1830 con-

168 1873 326 1952 scripsisse
342 1868 527 1931 subindicari
539 1870 673 1943 videtur,
693 1891 755 1931 non
772 1869 865 1929 facile
882 1869 974 1930 credo
988 1870 1310 1950 quisquamrepugna-

167 1975 213 2034 bit
226 1973 386 2055 quominus
402 1954 549 2053 excerpta
563 1973 628 2032 eius
641 1973 764 2050 generis
779 1972 1021 2054 Hieronymiane
1036 1972 1223 2054 Tranquillo
1243 1976 1308 2033 vin·

169 2075 317 2135 dicentur.
345 2093 475 2154 quocum
489 2084 560 2154 apte
575 2075 714 2153 congruit
729 2073 811 2155 quod
825 2073 950 2135 Cassius
966 2074 1027 2133 Dio
1045 2073 1176 2134 eundem
1188 2075 1310 2160 librum,

168 2176 468 2258 quemHieronymus
481 2177 645 2256 excerpsit,
657 2174 970 2236 adhibuissevidetur.
984 2176 1021 2235 cf.
1031 2178 1239 2237 Mommsenus
1251 2177 1272 2237 l.
1283 2197 1310 2239 e.

168 2301 198 2361 p.
216 2288 277 2343 aar.
295 2279 376 2338 hunc
392 2280 471 2338 enim
488 2279 579 2339 etiam
597 2277 762 2338 (laesarum
783 2278 869 2338 libris
886 2276 1080 2338 Suetonianis
1095 2277 1234 2338 studiose
1252 2281 1312 2340 etsi

168 2403 227 2441 non
245 2381 422 2440 confiteatur
440 2400 526 2439 usum
541 2399 608 2440 esse
624 2380 705 2440 clare
721 2379 854 2440 ostendit
867 2380 996 2439 Rothius
1011 2401 1040 2460 p.
1063 2381 1168 2463 XVII.
1198 2380 1312 2442 deinde

169 2482 311 2544 notabilis
339 2492 386 2542 est
409 2502 574 2542 consensus
602 2480 730 2542 Suetoni
758 2481 846 2543 Caes.
874 2492 909 2544 52
940 2491 972 2540 et
995 2481 1180 2562 Hieronymi
1208 2481 1311 2543 Cessi-

170 2607 230 2667 que
252 2586 361 2644 Dionis
382 2586 412 2643 in
432 2584 558 2642 historie
581 2604 669 2664 qnam
686 2584 765 2642 falso
793 2584 831 2642 ab
848 2585 893 2643 his
916 2582 1059 2643 traditam
1083 2604 1150 2643 esse
1169 2585 1313 2663 Scaliger

169 2690 200 2746 in
216 2684 526 2745 animadversionibus
547 2694 578 2744 et
598 2687 799 2744 Mommsenus
824 2685 1054 2744 contenderunt.
1087 2697 1213 2746 narrant
1231 2689 1312 2752 enim

171 2789 215 2847 illi
237 2787 453 2864 (Hieronymus
476 2785 524 2844 Ol.
554 2797 616 2859 183,
636 2799 652 2848 i
671 2787 792 2845 Cassius
815 2797 864 2860 43,
886 2795 932 2860 il,
957 2788 1095 2864 3frag1n.
1116 2789 1204 2864 itti)
1222 2789 1311 2848 Oleu-

172 2901 288 2968 patrum
310 2889 394 2963 regio
412 2888 554 2945 comitatu
573 2889 676 2947 urbem
693 2892 819 2948 Romam
839 2892 1005 2966 ingressam
1033 2909 1117 2961 esse,
1144 2893 1175 2948 in
1198 2913 1261 2972 qua
1279 2912 1312 2950 re

172 2997 214 3051 ita
236 3009 353 3048 errasse
374 3009 425 3047 eos
448 2991 551 3047 statuit
568 2991 707 3067 Scaliger
728 3000 761 3049 ut
776 2993 903 3050 Romam
923 2992 1077 3050 confusum
1101 3001 1225 3070 putaret
1244 3013 1312 3051 eum

172 3091 378 3160 Alexandria,
398 3112 486 3170 quam
504 3092 624 3169 quidem
641 3103 671 3150 ct
684 3095 779 3172 ipsam
796 3094 900 3152 urbem
915 3092 1066 3171 adpellari
1084 3092 1165 3151 idem
1186 3093 1312 3153 demon·

172 3196 286 3257 stravit.
319 3196 403 3271 stipsi
421 3194 583 3252 Suetonius
604 3195 624 3254 l.
645 3215 669 3254 c.
685 3196 762 3253 haec
784 3195 899 3272 prodit:
930 3200 1073 3253 dileait'et
1094 3201 1225 3270 repirros,
1243 3202 1314 3255 inter

173 3314 242 3373 qeins
273 3300 388 3352 Ennoea
411 3297 541 3352 lllunrnm
569 3299 692 3369 Bogudis
714 3315 846 3368 eruorem,
872 3303 919 3355 eni
945 3301 1098 3372 nraritoque
1121 3302 1313 3371 eiusplurimn

172 3408 198 3456 et
213 3403 342 3455 immenso
359 3400 452 3453 triton
465 3407 493 3453 nt
510 3400 583 3455 ano
599 3403 725 3471 scripsit,
744 3403 793 3455 secl
806 3405 928 3456 maxime
943 3404 1128 3473 Cteopntrain,
1146 3419 1208 3456 erran
1218 3421 1274 3475 qun
1290 3410 1316 3458 et

175 3504 303 3559 conuiuio
318 3506 345 3556 in
353 3503 476 3572 priunnn
488 3502 573 3556 tricem
586 3519 668 3574 saepe
679 3506 822 3574 protrusit
831 3511 857 3557 et
870 3505 963 3558 endem
975 3519 1048 3557 irone
1060 3504 1214 3576 tllnlarnepo
1223 3521 1316 3576 yroene

173 3605 315 3676 Aethiopia
332 3611 410 3659 tenus
424 3606 573 3676 Aegyptum
582 3607 739 3675 penetrauit
748 3606 802 3658 nisi
814 3609 952 3660 enercitns
965 3610 1043 3677 sequi
1053 3615 1218 3671 recusasset,
1232 3627 1315 3680 qrrom

173 3709 286 3778 deniqne
301 3708 416 3760 accitum
434 3704 461 3760 in
475 3707 568 3761 sertem
584 3709 692 3762 nonnisi
704 3708 833 3760 inanimis
843 3707 991 3762 honoribus
1000 3711 1188 3780 praemiisque
1205 3718 1315 3765 erectum

174 3811 277 3864 remisit
287 3810 427 3879 filiumque
441 3815 535 3864 notum
551 3810 694 3879 appellare
708 3811 814 3863 nourine
831 3824 880 3863 sno
892 3825 995 3880 passus
1008 3818 1054 3862 est.
1085 3827 1177 3886 quem
1190 3809 1315 3887 quidem

174 3909 274 3966 locum
290 3906 416 3965 Suetoni
433 3927 498 3965 cum
516 3907 654 3984 Scaliger
670 3916 700 3965 et
715 3908 917 3966 Mommsenus
938 3910 1113 3984 ignorarent
1135 3909 1228 3968 fidem
1251 3912 1316 3968 eius

173 4011 217 4069 rei
232 4009 422 4087 Hieronymo
439 4018 468 4066 et
486 4006 592 4066 Cassio
608 4010 700 4067 Dioni
719 4008 921 4085 denegabant.
952 4010 1054 4088 itaque
1071 4012 1095 4069 si
1112 4011 1166 4068 illa
1181 4014 1316 4071 narratio

176 4129 329 4183 examore
344 4118 416 4167 nata
428 4111 482 4182 sit,
501 4110 581 4189 qnod
599 4110 740 4190 equidem
753 4132 814 4169 non
830 4110 936 4183 credo,
960 4131 1091 4171 errorem
1110 4114 1240 4173 Suetoni
1261 4135 1315 4173 nos

176 4231 342 4290 agnoscere
356 4230 483 4270 necesse
499 4220 555 4272 est.

260 4313 359 4390 Quem
375 4333 448 4372 vero
464 4312 582 4372 titulum
597 4314 666 4372 huic
681 4313 756 4372 libro
774 4315 938 4374 Suetonius
962 4312 1122 4386 indiderit,
1147 4317 1178 4374 in
1199 4318 1314 4376 incerto

174 4414 405 4493 relinquendum
424 4434 492 4475 esse
516 4424 601 4494 puto,
625 4437 692 4475 cnm
710 4417 890 4494 praesertim
903 4436 961 4475 nec
984 4415 1022 4474 de
1034 4417 1145 4476 finibus
1167 4420 1235 4478 eius
1254 4438 1314 4478 am-
