2964 5002
163 349 233 420 380'
339 362 343 367 ’
500 368 724 423 oveasrroraa
746 368 973 434 araronrmrse
1044 428 1048 433 ³
1119 344 1135 430 2

162 533 376 608 oonponantrrr
394 544 463 587 oum
477 522 558 604 epiei
569 522 713 583 carminis
727 531 759 583 et
774 502 1112 604 comoediaemimique
1126 520 1312 582 delinitioni-

161 629 235 702 bus,
261 647 315 690 eas
337 646 440 687 omues
461 623 599 687 eiusdem
618 626 753 687 auctoris
766 643 835 684 ease
848 622 966 685 elucet·
997 632 1057 685 ne'r
1072 620 1201 685 andreia
1215 622 1312 684 bomi-

163 730 214 791 nis
237 728 381 789 videatur
400 728 523 806 longius
545 725 690 809 progredi
716 734 749 786 et
773 727 871 805 ipsam
891 718 1042 807 poematis
1064 726 1097 785 in
1116 727 1178 785 tria
1196 744 1315 805 genera

99 899 102 905 ,
164 826 836 911 distinctionemproTbeopbrasteababero.
849 820 1201 907 nooueglagbudumest
1209 828 1313 889 Theo

164 932 323 1013 pbrastnm
343 929 453 993 eadem
472 931 579 1011 poesie
595 929 892 1008 generastatuime,
919 948 1000 1011 quae
1019 927 1113 996 Plato
1139 928 1180 989 de
1201 949 1240 990 re·
1256 950 1314 1010 pu·

165 1033 248 1095 blioa
257 1032 307 1093 111
320 1032 449 1114 t9tbsq.
459 1029 758 1110 distinguenda-esre
771 1030 945 1092 arbitratur.
974 1028 1035 1091 sed.
1046 1030 1128 1112 quae
1143 1030 1236 1092 Plato
1247 1033 1269 1092 l.
1285 1050 1315 1091 e.

63 1160 67 1165 ·
165 1136 264 1214 magis
277 1134 352 1195 lenit
365 1154 460 1214 quam
465 1134 625 1214 exposuit,
640 1132 725 1211 apud
733 1130 916 1193 Diomedem
929 1133 975 1197 aio
987 1132 1249 1212 proftmntnr,·'ut
1259 1152 1314 1213 pa·

164 1234 334 1299 tantalium
345 1244 414 1316 post
423 1234 585 1297 Platonem
595 1242 629 1295 et
636 1230 837 1315 Aristotelen
846 1232 1314 1321 illius-senteutiam-ereeutum

180 1352 184 1359 ’
251 1338 328 1398 Post
341 1336 424 1399 bano
436 1336 658 1419 praefationem
670 1334 873 1417 Tranquillas
882 1336 968 1397 ritas
980 1343 1139 1417 poetarum
1156 1339 1318 1398 enarravit

126 1510 132 1519 Ι
166 1439 212 1501 ita
229 1447 266 1501 ut
278 1456 332 1500 eor
346 1436 483 1500 ordinem
501 1456 563 1521 quo
577 1436 940 1507 vixeruntaaautaainde
951 1457 971 1499 a
984 1436 1056 1499 Livi
1068 1446 1174 1499 aetate
1189 1454 1316 1501 enume-

166 1549 259 1601 raret
289 1540 495 1603 llommsauus
511 1539 635 1623 quidem
648 1540 669 1598 l.
687 1559 714 1599 o.
727 1558 762 1619 p.
776 1546 831 1604 674
843 1538 954 1600 librum
969 1538 1010 1599 de
1020 1540 1122 1621 poetis
1136 1538 1318 1620 bipertitum

167 1642 263 1717 ibisne
278 1642 427 1727 eouieoit,
443 1640 476 1702 in
494 1641 596 1703 altera
615 1643 698 1702 euim
715 1651 805 1721 parte
819 1638 1035 1724 Tranquillum
1044 1648 1157 1721 poena
1169 1642 1189 1703 i.
1205 1662 1240 1703 e.·
1251 1645 1315 1725 epl-

71 1774 74 1779 ·
169 1762 222 1805 uos
235 1742 375 1804 ratirieoa
388 1743 516 1825 lyricos,
528 1744 560 1803 in
571 1741 671 1805 altera
681 1742 908 1807 comoediarum
917 1741 1146 1822 tragoediarum
1157 1742 1318 1806 mimarum

168 1845 335 1925 rariptorea
354 1846 517 1925 peruiam·
538 1844 596 1905 sad
613 1845 692 1905 baeo
710 1846 889 1907 ¹oonieotura
896 1844 1055 1905 'refellitur
1068 1844 1135 1907 iuis,
1147 1846 1316 1926 praefatio·

167 1946 217 2007 nia
230 1947 385 2025 exaerptis
402 1944 563 2008 Diomedis
580 1964 674 2027 opera
688 1940 834 2025 serenus,
849 1944 960 2028 quibus
974 1946 1066 2009 aliam
1075 1945 1227 2018 Suetonio
1243 1968 1317 2029 poe·

93 2076 96 2081 ⁸
150 2030 154 2035 ¹
169 2055 283 2109 matum
295 2047 480 2109 divisionem
494 2046 653 2129 probatam
665 2048 761 2109 luisse
776 2047 934 2122 doeemur,
944 2062 1014 2109 uae·
1021 2048 1120 2109 babet
1132 2068 1190 2129 per
1199 2070 1236 2113 ae
1250 2051 1317 2131 ipsa

169 2166 232 2230 quo
249 2148 484 2210 commendetur.
509 2166 581 2211 nam
595 2158 630 2211 ut
643 2150 707 2210 alia
721 2150 873 2225 omittam,
885 2150 1013 2213 ubinam
1023 2150 1142 2231 potitus
1158 2152 1317 2215 emerun-

169 2250 239 2312 nius
260 2248 456 2313 multiformia
473 2250 528 2333 ille
549 2252 603 2313 vel
619 2252 756 2313 biformis
772 2248 898 2326 saltem,
922 2252 949 2313 ai
966 2253 1241 2329 Mommsepian'am
1257 2253 1317 2317 dia·

171 2353 352 2434 oriptionem
365 2360 502 2436 spectas,
520 2354 635 2434 poeta?
752 2388 755 2395 ·
998 2406 1001 2411 .
1072 2372 1076 2377 ·

200 2460 203 2465 ’
255 2454 342 2517 Libri
354 2463 457 2516 autem
468 2456 508 2518 de
520 2456 622 2536 poetis
637 2456 751 2518 alaram
767 2454 931 2536 imaginem
940 2440 1177 2538 isprr'eaenunr
1186 2476 1228 2519 aa
1239 2478 1318 2540 quae

170 2558 378 2643 Hieronymus
393 2559 425 2617 in
441 2557 585 2618 ebronioo
600 2556 672 2619 iude
686 2556 814 2638 recepit.
850 2556 933 2639 apud
953 2574 1023 2621 eum
1038 2557 1120 2619 enim
1136 2558 1176 2620 da
1191 2559 1319 2639 triginta

171 2671 331 2741 poetarum
354 2658 428 2719 ritis
452 2660 625 2739 fragments
647 2667 845 2739 supersunt,
868 2668 983 2720 utnon
1005 2656 1098 2721 tuelle
1118 2656 1229 2722 eredas
1250 2681 1318 2722 aum

173 2761 284 2821 multoe
299 2761 552 2841 praetermisisse.
582 2770 644 2822 tres
655 2771 758 2825 tamon
774 2781 890 2843 eosque
905 2762 1088 2822 clarissimos
1101 2771 1211 2842 poetas
1229 2765 1318 2823 omis·

172 2882 222 2922 sos
238 2880 306 2922 esee
326 2863 450 2936 seimus,
470 2862 631 2923 Afranium
645 2862 802 2923 Tibullum
816 2863 1021 2944 Propertium.
1050 2863 1159 2923 borum
1177 2866 1259 2925 enim
1274 2866 1317 2924 vi·

172 2972 233 3023 tam
248 2981 267 3022 a
282 2960 430 3024 Suetonio
453 2965 644 3026 inlustratum
666 2966 762 3027 fuisse
784 2975 867 3025 nerto
888 2964 1003 3025 indicio
1024 2966 1177 3043 arguitur,
1198 2986 1267 3027 oum
1288 2968 1319 3026 in

172 3063 366 3144 praefatione
383 3065 542 3127 Afranium
564 3077 718 3129 auctorem
738 3067 948 3141 tabernariae,
963 3066 1121 3128 Tibullum
1137 3077 1171 3127 et
1188 3068 1319 3148 Proper·

173 3167 249 3226 tium
263 3170 447 3247 praecipuos
468 3169 633 3247 elegiarum
655 3169 817 3249 scriptores
834 3167 1048 3249 appellaverit.
1061 3204 1064 3209 ·
1078 3168 1153 3248 qaid
1179 3170 1265 3251 quod
1282 3168 1320 3230 de

173 3267 292 3327 Tibulli
309 3268 374 3330 vita
394 3268 596 3346 fragmentum
612 3271 672 3331 nisi
691 3272 795 3350 opinio
809 3290 859 3332 me
872 3270 954 3330 fallit
973 3279 1106 3331 aetatem
1124 3270 1206 3330 tulit.
1224 3274 1256 3333 in
1273 3292 1321 3331 oo·

175 3369 295 3430 dinibus
319 3371 400 3432 onim
418 3369 538 3430 -Tihulli
563 3373 750 3449 epigramma
770 3372 884 3451 legitur
905 3373 1022 3433 Domiti
1043 3370 1139 3433 Marsi
1162 3372 1203 3434 da
1223 3383 1322 3435 morto

173 3479 284 3552 poetae
299 3474 465 3546 inmatura,
479 3488 559 3552 quae
573 3472 668 3531 multo
681 3474 828 3552 plenioris
841 3475 1005 3535 memoriae
1018 3472 1172 3554 particula
1188 3474 1321 3537 videtur.

175 3574 270 3634 utitur
286 3574 364 3634 adeo
381 3572 545 3634 Suetonius
563 3573 735 3634 testimonio
759 3574 897 3636 eiusdem
910 3576 1027 3636 Domiti
1041 3575 1105 3649 bia,
1129 3574 1161 3634 iu
1184 3577 1251 3636 vita
1265 3576 1323 3638 Or·

175 3675 231 3736 bili
245 3677 360 3756 Pupilli
376 3685 407 3736 et
418 3674 537 3735 aneili
549 3675 695 3753 Epirotae
712 3678 983 3752 grammaticorum.
1010 3677 1133 3737 tertium
1149 3676 1235 3737 inira
1246 3676 1323 3738 Sue·

175 3778 258 3839 tonia
273 3778 466 3838 restituemus
477 3776 595 3850 lorum,
616 3796 677 3856 quo
695 3776 735 3835 ad
753 3776 881 3838 eandem
899 3780 1078 3858 provocarit
1098 3778 1323 3840 auctoritatem.

176 3879 314 3941 aeduum
329 3880 457 3940 sentiam
471 3898 537 3939 rem
551 3897 613 3939 uon
627 3876 718 3957 plane
733 3887 847 3938 eertum
862 3898 946 3954 esse,
963 3879 1080 3939 Domiti
1098 3879 1270 3960 querellam
1286 3878 1324 3940 de

175 3989 272 4040 morte
286 3980 406 4039 Tibulli
422 3981 452 4039 in
467 3980 705 4059 fragmentorum
722 3999 879 4041 numerum
892 3981 1031 4060 recipere
1048 4001 1108 4042 non
1128 3983 1238 4043 ausim.

262 4081 369 4142 Redeo
392 4081 432 4140 ad
447 4082 683 4163 Hieronymum,
706 4084 792 4143 auius
814 4084 912 4158 ratio,
934 4101 997 4164 qua
1020 4083 1144 4143 omniuo
1166 4084 1200 4143 in
1215 4102 1326 4145 aroer·

176 4182 277 4262 pendo
290 4184 437 4245 Suetonio
451 4192 592 4243 versatus
610 4186 664 4256 sit,
682 4182 847 4262 diligenter
860 4182 1052 4244 inlustranda
1069 4183 1204 4244 videtur.
1237 4197 1326 4246 vetus

177 4286 269 4364 igitur
283 4304 348 4346 mos
366 4293 433 4345 erat
449 4292 587 4365 tempora
602 4286 775 4345 inlustrium
788 4287 922 4345 virorum
943 4288 975 4346 iu
996 4286 1147 4346 ebroniuls
1163 4285 1326 4349 adnotare.

177 4387 216 4447 of.
232 4384 354 4447 Gellius
371 4386 467 4449 XVII
481 4394 526 4449 21.
557 4405 647 4468 quem
667 4386 699 4447 in
721 4386 872 4447 ebroniois
889 4387 953 4449 suis
973 4386 1131 4448 obustisui
1154 4394 1327 4468 temporum
