2964 5002
163 326 224 390 520
580 342 611 382 m
626 340 725 383 virsa
739 340 887 380 renarra

246 496 322 573 Peg.
339 476 396 567 32,
415 494 450 554 15
473 499 500 552 iu
516 494 654 551 archadia
669 493 820 566 stymphali
834 495 893 548 siue
907 493 1033 548 leucadia
1046 510 1125 549 unus
1140 499 1230 550 vetus
1247 491 1303 549 1³·-

163 601 273 658 risinus
296 596 446 656 servavit:
474 594 526 654 ubi
551 593 632 676 quod
654 592 746 652 libros
768 592 901 651 novicios
923 602 1052 670 occupat
1072 597 1134 652 siau
1157 614 1213 673 pro
1237 599 1306 666 siue,

165 701 241 761 nulli
257 700 325 758 usui
344 707 400 758 est.
439 699 568 757 Prorsus
593 705 624 755 et
645 695 796 755 soloecam
814 696 980 755 orationem
1003 705 1034 756 et
1055 695 1222 765 absurdam
1236 716 1304 756 een-

164 802 289 863 tentiam
311 802 457 860 Erasmus
479 797 661 857 invehebat:
683 802 711 855 ia
734 800 872 855 Arcadiae
892 799 1062 873 Stymphala,
1076 805 1137 858 siue
1158 802 1306 869 Leucadia

165 903 311 965 sedidem
324 914 425 962 tamen
437 902 467 959 in
479 901 633 959 tralaticia
645 900 795 978 scriptura
804 919 864 957 non
875 919 966 979 posse
978 903 1134 982 acquiesci
1145 912 1228 963 reete
1241 922 1307 962 seu·

165 1008 214 1067 sit.
254 1007 325 1063 Non
348 1003 489 1085 equidem
510 1001 629 1079 negabo
653 1008 681 1060 ia
702 1005 825 1060 Arcadia
843 1003 998 1077 Stymphali
1014 1003 1077 1063 dici
1098 1005 1252 1083 potuisse,
1275 1013 1308 1064 nt

165 1128 275 1188 reapse
290 1107 407 1168 Plinius
426 1105 502 1165 dixit
517 1105 555 1166 N.
573 1106 614 1164 H.
630 1116 665 1177 11,
677 1113 727 1167 Μ
745 1105 784 1162 ‘in
801 1123 837 1161 eo
853 1102 976 1182 (fluvio)
990 1114 1024 1164 ut
1036 1111 1065 1164 ia
1080 1110 1204 1166 Arcadia
1217 1110 1309 1183 Stym-

162 1215 244 1287 phali
258 1218 441 1269 enascuntur
456 1206 607 1287 aquatiles
629 1206 787 1279 musculi’,
810 1206 861 1264 vel
879 1219 998 1285 XXXII,
1018 1214 1050 1269 tt
1070 1215 1098 1267 ia
1114 1212 1202 1284 Lycia
1217 1211 1309 1285 Myris

168 1312 237 1391 (ubi
264 1312 398 1390 disparia
427 1309 547 1368 miscuit
573 1304 745 1386 siltigiusl:
782 1327 964 1390 quamquam
991 1312 1132 1370 usitatius
1160 1332 1231 1370 esse
1256 1320 1310 1371 aut

168 1417 323 1491 Stymphali
342 1418 368 1472 ia
389 1415 513 1492 Arcadia
536 1411 632 1470 sentio
660 1409 926 1492 (quemadmodum
953 1413 1018 1471 vita
1038 1412 1244 1472 Ambrosianus
1264 1414 1309 1471 lo-

167 1519 269 1599 quitur
292 1516 330 1575 ab
351 1515 391 1574 A.
412 1515 494 1574 Maio
519 1513 602 1573 edita
625 1513 781 1588 Stymphali
797 1517 911 1571 decessit
931 1518 960 1572 ia
979 1515 1114 1593 Arcadia)
1142 1523 1196 1574 aut
1217 1518 1309 1592 Stym-

164 1622 244 1694 phali
259 1622 398 1677 Arcadiae
413 1620 512 1692 oppido
528 1625 580 1690 aut
602 1615 710 1675 saltem
726 1620 753 1673 ia
770 1618 910 1674 Arcadiae
929 1620 1028 1691 oppida
1043 1619 1216 1693 Stymphala.
1247 1617 1309 1677 Ve-

168 1741 233 1779 rum
255 1726 282 1778 iu
303 1723 426 1779 Arcadia
450 1720 606 1794 Stymphali
623 1723 682 1776 siae
695 1721 853 1776 Leucadiae
876 1738 977 1777 nonna
997 1740 1121 1798 prorsus
1144 1721 1187 1780 ita
1209 1721 1311 1800 posita

169 1831 239 1881 sunt
253 1832 285 1880 ut
301 1820 488 1881 Leucadiam
510 1840 631 1900 quoquc
653 1818 758 1878 urbem
780 1819 841 1879 dici
855 1819 1010 1880 Arcadiae
1030 1821 1160 1882 credas?
1198 1823 1311 1902 Apage

168 1924 259 2001 igitur
289 1923 447 2019 molestum
470 1924 627 1998 Stymphali
652 1942 777 1995 nomen,
801 1922 882 2003 qnod
908 1942 969 1980 non
999 1932 1046 1982 est
1068 1923 1193 1983 aliunde
1215 1927 1310 1986 nisis

169 2027 309 2085 carminis
327 2024 468 2083 Porciani
487 2045 516 2103 p.
532 2032 567 2086 28
586 2043 677 2082 versu
693 2033 710 2086 3
726 2023 786 2082 hue
802 2023 840 2082 ab
859 2025 1025 2102 interprete
1046 2026 1181 2102 inlatum,
1193 2020 1310 2087 ¹Sueto·

168 2129 310 2207 niumque
336 2126 523 2186 confidenter
546 2125 638 2184 crede
662 2127 706 2184 sic
730 2127 906 2206 scripsisse:
939 2132 1024 2185 ceteri
1043 2138 1179 2187 mortuam
1199 2148 1261 2189 esse
1283 2136 1311 2190 la

169 2233 290 2287 Arcadio
305 2235 364 2287 siue
380 2230 535 2286 Leucadiae
552 2231 674 2286 tradaut.
710 2227 771 2288 Vbi
785 2229 912 2302 insulae,
934 2229 983 2289 vel
999 2232 1165 2311 antiquitus
1183 2233 1311 2312 paenin-

169 2331 256 2389 sulae
271 2350 380 2389 nomen
399 2333 556 2388 Leucadiae
577 2329 799 2390 notissimorum
819 2352 954 2391 normam
979 2333 1185 2411 exemplorum
1208 2335 1310 2415 sequi·

170 2443 217 2491 tur
236 2452 315 2513 quae
335 2441 403 2491 sont
426 2435 511 2509 Cypri
533 2435 673 2509 Corcyrae
690 2434 861 2492 Chersonesi.
899 2434 966 2493 Nec
986 2439 1045 2493 siae
1063 2436 1231 2515 particula,
1256 2457 1312 2516 pro

170 2556 231 2616 qua
247 2535 338 2592 facile
354 2536 504 2615 quispiam
527 2522 571 2593 uel
584 2544 742 2613 exspectet
766 2535 816 2593 vel
832 2545 896 2608 utet,
911 2537 1030 2595 ratione
1046 2558 1100 2595 sna
1117 2548 1218 2613 caret3
1241 2559 1311 2598 nam

171 2660 237 2697 cum
260 2639 334 2696 lracc
357 2637 543 2715 praecedant
567 2639 599 2706 Q.
618 2640 763 2695 Cosconius
783 2642 941 2696 redeuutem
968 2657 982 2696 e
1004 2642 1121 2697 Graecia
1147 2646 1258 2715 perisse
1283 2647 1311 2700 iu

171 2746 244 2797 autri
264 2744 342 2813 clt'cit,
367 2718 423 2816 ipsi
440 2741 513 2797 inari
538 2741 597 2797 iam
614 2740 724 2818 opponi
740 2750 850 2797 terram
868 2750 1010 2819 apparet,
1034 2722 1099 2800 sive
1120 2763 1158 2800 ea
1173 2743 1312 2802 Arcadia

172 2845 227 2900 luit
243 2844 307 2900 sive
323 2841 490 2900 Leucadia.
530 2843 618 2901 Neve
639 2843 706 2921 clitis
729 2847 756 2898 iu
771 2846 892 2900 Arctalia
911 2843 1004 2902 verbo
1020 2865 1073 2921 pro
1095 2846 1236 2903 insiticiis
1259 2846 1311 2904 lra-

170 2946 241 3001 lreat
258 2944 464 3023 littetonioquo
484 2945 560 3001 haec
578 2946 676 3021 potius
692 2943 805 3002 tribuat
825 2951 909 3002 celeri
927 2956 1063 3003 mortuum
1080 2965 1139 3003 csse
1158 2950 1315 3022 Stymphali

170 3053 228 3103 stuc
243 3049 399 3101 Leucruh‘ae
420 3051 546 3103 traduat:
569 3046 701 3127 nequid
725 3046 761 3104 dc
778 3068 882 3125 parum
906 3049 1055 3105 concinna
1077 3048 1160 3107 urbis
1176 3069 1243 3107 cum
1269 3051 1312 3108 in·

172 3147 238 3204 sula
269 3148 494 3206 consociatione
523 3128 637 3221 dicam,
672 3158 794 3227 praesto
825 3159 886 3221 est,
917 3152 1001 3208 cuius
1029 3152 1200 3208 testimonio
1233 3152 1312 3210 haec

171 3249 308 3328 quaestio
330 3251 424 3306 orariis
446 3250 628 3323 alrsolvitur‚
645 3253 866 3329 Hieronymus,
894 3253 945 3333 qui
969 3255 1034 3329 ipsa
1052 3246 1190 3310 Suetonii
1218 3254 1313 3313 verba

172 3352 344 3428 exprimens
367 3355 391 3408 Τ
389 3358 508 3409 erectius
532 3354 628 3432 inquit
649 3360 675 3410 iu
694 3358 814 3410 Arcadia
831 3361 961 3425 morhur,
984 3376 1043 3412 non
1067 3354 1143 3412 dixit
1158 3358 1316 3430 Stymphali

171 3458 294 3509 rrrorr'lur.
333 3454 411 3512 Nam
438 3475 475 3512 ex
493 3455 619 3513 Ausonii
644 3477 718 3515 sane
741 3456 843 3515 verbis
861 3459 960 3537 Epist.
986 3469 1089 3530 livill,
1117 3467 1147 3519 16
1173 3461 1314 3517 Aretrcliue

171 3559 257 3611 irratio
272 3562 319 3631 qui
332 3562 402 3614 iacet
415 3563 441 3614 r'u
455 3563 558 3632 yreruio
575 3559 649 3616 nilril
668 3561 898 3617 consectarium.

254 3659 329 3735 Peg.
348 3659 436 3731 33,1
459 3665 622 3734 duplicatum
647 3661 777 3733 somnae,
801 3683 890 3742 «luam
909 3671 1038 3719 testatur
1053 3662 1183 3720 Parisini
1205 3669 1230 3720 ,i
1252 3684 1311 3722 me·

172 3761 280 3832 moria,
310 3783 369 3819 non
391 3772 456 3821 erat
479 3768 702 3837 curimplicitum
724 3764 1048 3842 praeferretllotltius.
1089 3764 1186 3822 Recte
1212 3776 1313 3825 aulem

171 3862 251 3919 idem
269 3882 305 3920 ea·
321 3868 413 3922 dolore
429 3885 463 3921 ac
479 3869 580 3922 lucilio:
605 3865 758 3945 inquibus
775 3865 998 3944 perscribendis
1016 3886 1083 3924 cum
1099 3866 1243 3925 librarius
1261 3870 1312 3926 im·

170 3965 334 4042 prudenter
355 3969 549 4044 anticipatum
569 3987 604 4024 uc
619 3968 798 4046 particulam
815 3968 861 4025 bis
878 3970 1028 4045 posuisset
1050 3987 1084 4024 ac
1107 3987 1145 4024 ca·
1163 3973 1259 4027 (lature
1279 3990 1313 4028 ac

172 4072 273 4137 taedio,
299 4071 367 4126 hinc
390 4071 544 4148 profectus
565 4080 732 4141 corrector,
760 4091 775 4127 c
800 4072 883 4128 cuius
904 4071 1083 4129 recensione
1106 4070 1176 4127 libri
1199 4072 1312 4132 novicii

246 4224 373 4231 -——.-—.-

171 4319 247 4352 rutrum
266 4310 354 4354 uictum
372 4309 416 4354 sit:
442 4305 507 4353 item
526 4306 619 4369 paullo
641 4316 702 4371 post
719 4324 743 4356 v.
759 4307 792 4354 itt
809 4325 947 4371 'taenarum
959 4313 1011 4356 etro
1022 4324 1087 4371 pars
1105 4315 1165 4364 est,
1187 4324 1246 4358 aaa
1265 4314 1313 4358 eet

172 4392 297 4453 aequitiae
316 4407 386 4454 cyrus,
424 4391 477 4439 Soa
496 4390 564 4439 tolia
583 4394 764 4459 corrigentem
785 4393 843 4442 dies
863 4393 981 4441 ‹letio-iot.
