2964 5002
153 342 213 404 342
431 350 625 392 earmseavu
650 348 816 388 urnrroavs
841 347 1017 395 usnrevrss

153 501 308 565 funebres
329 500 466 562 instituti
481 507 539 561 aut
553 496 616 560 eliis
633 497 801 559 nationum
815 506 870 556 aut
886 494 1022 556 mortuis
1040 493 1133 557 fiunt.
1161 495 1300 579 proinde

152 600 239 666 tituli
261 599 415 685 Olympia
433 598 520 679 leui,
543 620 626 682 quae
647 607 723 659 sunt
742 597 865 659 Rornae
889 593 1090 680 Capitolina,
1115 596 1193 658 item
1216 595 1298 658 ller-

153 701 219 766 culi
235 701 359 764 Nemea
381 698 530 784 Neptuno
555 699 706 778 Isthmia,
728 699 829 761 ceteri
852 696 1021 759 mortuarii
1043 717 1177 778 agones.
1219 697 1300 783 quid

153 824 232 886 ergo
249 802 378 880 mirum,
403 802 431 863 si
451 811 484 863 et
506 808 682 886 apparatus
700 819 841 882 agonum
858 795 1044 861 idololatria
1062 806 1301 882 conspurcatur

153 902 195 966 de
216 902 343 967 coronis
374 900 519 987 profanis
547 901 587 963 de
615 897 873 963 sacerdotalibus
901 896 1109 984 praesidibus
1137 897 1177 961 de
1200 897 1321 962 ealle-⁵

156 1004 220 1087 giis
243 1003 401 1065 ministris
425 1001 465 1065 de
484 1003 554 1088 ipso
576 1011 739 1088 postremo
760 997 857 1063 boum
883 998 1066 1082 sanguine?
1107 1008 1142 1062 ut
1165 998 1206 1062 de
1230 1002 1301 1063 loeo

155 1103 324 1190 suppleam
348 1102 394 1189 [at
417 1103 456 1168 de
478 1103 547 1165 luco
570 1099 762 1188 communil,
787 1100 884 1186 †pro
905 1100 1044 1186 collegio
1061 1101 1180 1164 artium
1198 1101 1300 1163 lllusi·

155 1225 266 1268 esrum
290 1212 322 1266 et
339 1203 575 1268 ‘Minerualium
596 1214 628 1266 et
644 1201 881 1288 Apollinarium
905 1201 1002 1264 etiam
1020 1200 1223 1264 Martialium
1244 1225 1301 1289 per

155 1305 298 1369 duellum
313 1327 373 1390 per
387 1304 499 1369 tubam
519 1306 551 1367 in
571 1305 676 1368 stadie
698 1304 819 1366 circum
838 1301 1060 1384 aestimantur,
1083 1302 1171 1389 quod
1188 1304 1302 1392 utique

155 1458 207 1508 que
228 1449 256 1493 et
274 1444 359 1508 equiti
378 1443 467 1493 oleum
486 1442 622 1508 praebuit.
657 1441 803 1508 magistros
816 1445 874 1490 teto
893 1442 1037 1490 certamini
1055 1443 1220 1507 praeposuit
1237 1442 1301 1494 eou-

155 1511 262 1560 sulares
285 1517 358 1560 sorte
382 1511 447 1561 sede
470 1517 635 1576 praetorum.
676 1508 775 1558 deiude
799 1509 828 1557 in
850 1509 1019 1558 orchestram
1038 1514 1221 1575 senatumque
1241 1510 1301 1560 des·

156 1579 250 1629 cendit
268 1583 297 1627 et
315 1579 449 1628 orationis
472 1578 581 1642 quidem
599 1577 783 1640 carminisque
802 1577 898 1625 Latini
916 1592 1057 1639 eoronam,
1077 1577 1112 1626 de
1130 1593 1186 1642 qua
1204 1578 1303 1629 hones·

155 1645 276 1695 tissimus
295 1647 409 1710 quisque
429 1645 622 1704 contenderat,
641 1646 761 1710 ipserum
780 1658 915 1693 consensu
934 1659 1093 1694 concessam
1112 1645 1167 1694 sibi
1186 1647 1303 1710 recepit,

156 1712 282 1762 citharae
301 1717 392 1761 autem
411 1728 428 1762 a
446 1712 583 1761 iudicibus
602 1711 636 1760 ad
655 1727 685 1760 se
704 1711 825 1760 delatam
845 1711 971 1760 adorauit
989 1712 1109 1776 ferrique
1129 1712 1165 1761 ad
1185 1714 1302 1779 Augusti

155 1786 275 1830 statuam
299 1780 389 1829 iussit,
424 1781 552 1844 gymnico
576 1778 647 1843 quod
668 1781 698 1827 in
722 1780 809 1844 septis
833 1777 934 1827 edebat
957 1780 1031 1827 iuter
1048 1779 1198 1843 buthysiae
1217 1797 1302 1846 appa·

156 1852 244 1896 ratum
263 1846 377 1895 barbam
401 1848 515 1912 primam
539 1847 631 1910 posuit
649 1845 841 1910 conditamque
860 1846 889 1894 iu
912 1861 1023 1895 auream
1046 1847 1174 1912 pyxidem
1194 1853 1223 1897 ct
1242 1865 1301 1914 pre·

155 1915 312 1964 tiosissimis
337 1914 495 1979 margaritis
518 1914 679 1962 adornatam
699 1913 838 1978 Capitolio
861 1915 1043 1962 consecrauit.
1080 1914 1114 1963 ad
1134 1914 1302 1965 athletarum

155 1980 344 2046 spectaculum
363 1983 495 2030 inuitauit
513 1986 542 2032 et
558 1981 680 2044 uirgines
698 1981 836 2042 Vestales,
856 1981 920 2045 quia
933 1980 1078 2046 Olympiae
1098 1998 1206 2048 queque
1221 1983 1301 2032 Cere-

156 2049 194 2098 ris
212 2049 404 2098 saeerdotibus
422 2054 551 2114 spectare
571 2047 750 2098 conceditur.'
787 2049 933 2098 suetonius
951 2048 1053 2098 Domit.
1073 2049 1102 2098 4:
1122 2051 1258 2100 ‘Instituit
1276 2056 1303 2100 et

156 2115 358 2180 quinquennale
377 2122 519 2166 certamen
538 2115 695 2181 Capitolino
714 2115 774 2164 Ioui
793 2115 906 2180 triplex,
926 2117 1057 2166 musicum
1077 2124 1207 2180 equestre
1228 2135 1301 2183 gym-

156 2186 256 2244 nicum,
277 2187 305 2231 et
323 2183 465 2248 aliquanto
483 2184 600 2248 plurium
619 2199 700 2248 quam
714 2200 785 2234 uisne
799 2190 841 2232 est
854 2198 1024 2233 coronarum.
1060 2185 1212 2234 certabant
1230 2187 1303 2235 errim

157 2257 185 2300 et
203 2266 284 2315 presa
304 2250 428 2301 oratione
449 2252 556 2301 Graece
576 2252 732 2315 Latineque
752 2267 785 2300 ac
804 2256 914 2315 praeter
933 2251 1108 2301 citharoedos
1127 2253 1300 2303 chorocitha-

156 2319 241 2367 ristae
265 2334 370 2382 quoque
396 2324 424 2368 et
447 2317 698 2385 psilocitharistae‚
723 2320 752 2368 in
769 2317 859 2368 stadio
877 2333 942 2368 rrero
961 2334 1041 2369 cursu
1065 2321 1152 2369 etiarn
1170 2321 1303 2385 uirgines.

157 2385 303 2435 certamini
327 2386 468 2450 praesedit
491 2387 648 2452 crepidatus
671 2401 861 2451 purpureaque
885 2386 1001 2435 ainictus
1024 2393 1090 2449 toga
1114 2385 1303 2447 Graecanica,

157 2453 251 2518 eapite
271 2459 384 2517 gestans
403 2470 531 2504 eoronam
550 2470 661 2503 auream
680 2470 741 2503 eum
760 2453 854 2516 effigie
873 2453 947 2502 Iouis
966 2470 999 2503 ae
1013 2455 1126 2504 Iunonis
1144 2455 1302 2505 Mineruae·

158 2537 219 2584 que,
244 2521 434 2571 adsidentibus
451 2521 527 2571 Diali
546 2522 691 2570 sacerdote
717 2528 744 2570 et
772 2520 890 2581 collegio
915 2520 1080 2570 Flauialium
1108 2523 1171 2587 pari
1195 2523 1303 2583 habitu,

158 2589 211 2638 nisi
230 2589 301 2653 quod
320 2588 427 2638 illorum
447 2589 555 2639 coronis
573 2589 664 2638 inerat
687 2595 715 2637 ct
738 2588 823 2653 ipsius
843 2590 943 2650 imago.
980 2588 1143 2638 celebrabat
1163 2598 1191 2639 et
1211 2592 1240 2639 in
1258 2591 1303 2639 Al-

158 2658 231 2706 bano
262 2658 409 2720 quotannis
433 2657 617 2720 Quinquatria
640 2656 798 2714 Mineruae,
828 2656 872 2703 eui
897 2655 1043 2719 collegium
1068 2657 1245 2719 instituerat,
1272 2676 1304 2709 α

92 2776 100 2783 ,
158 2740 211 2788 quo
230 2730 302 2773 sorte
322 2725 397 2772 ducti
423 2724 583 2787 magisterio
608 2723 784 2787 frnrgerentur
808 2722 973 2786 ederentque
998 2724 1113 2772 enirnias
1138 2727 1304 2773 tremat-iones

159 2798 187 2840 et
204 2792 330 2839 scenicos
350 2791 427 2840 ludes
446 2807 581 2855 superque
600 2797 735 2839 oraturum
757 2807 789 2838 ae
808 2792 950 2855 prretarurll
970 2790 1144 2841 certamina’
1164 2819 1196 2826 —
1216 2794 1303 2842 Iside-

159 2874 203 2907 rus
227 2859 313 2920 origg.
337 2859 429 2907 xt'lrl
456 2858 578 2907 17-26:
606 2859 770 2922 ‘Gymnicus
794 2858 873 2907 lurlus
898 2864 940 2906 est
963 2859 1121 2907 uelocitatis
1146 2876 1180 2908 ac
1205 2862 1326 2910 uirium·

158 2925 254 2988 gloria.
292 2925 368 2973 cuins
386 2925 462 2975 locus
482 2927 652 2991 gynnrasium
671 2926 779 2985 dicitur,
800 2926 846 2974 nbi
866 2932 1028 2975 exercentur
1051 2926 1176 2977 athletae
1197 2934 1226 2978 et
1245 2945 1304 2977 eur·

158 3007 246 3041 sorum
271 2991 406 3041 uelocitas
429 2995 630 3058 comprobatur.
672 2994 735 3041 hine
761 2993 878 3048 accidit,
897 2999 926 3041 ut
949 2994 1067 3043 clunium
1092 3012 1177 3060 prope
1203 2997 1304 3046 artium

158 3059 291 3108 exercitia
308 3062 452 3123 gyrnuasia
470 3062 607 3110 dicantur.
639 3067 722 3109 riutea
735 3061 807 3109 enim
822 3061 848 3108 in
867 3060 935 3109 lacis
949 3067 1088 3111 certantes
1106 3063 1193 3112 cincti
1214 3071 1305 3126 crant,

157 3143 191 3175 ne
211 3126 391 3189 nudas-cutum
411 3136 471 3193 post
494 3129 618 3178 relaxate
638 3128 747 3192 cingulo
766 3134 879 3192 repente
899 3135 1051 3192 prostratus
1076 3135 1103 3178 et
1127 3133 1305 3180 earinimntus

158 3201 200 3243 est
219 3194 328 3257 ‹priilam
347 3212 448 3246 cursor.
486 3213 568 3260 quare
588 3213 621 3245 ex
641 3196 749 3244 consilii
768 3196 879 3244 decreto
906 3203 972 3245 tunc
992 3197 1094 3245 archon
1112 3197 1305 3262 Hippomenes

157 3267 187 3309 ut
210 3261 274 3309 nudi
299 3262 430 3328 deinceps
459 3280 552 3312 enrnos
581 3264 799 3315 exercitarentur
825 3265 959 3327 permisit.
1001 3282 1033 3312 ex
1056 3265 1104 3313 ille
1128 3269 1305 3328 gymnasium

158 3329 273 3390 (lictum,
301 3331 372 3394 (quiid
396 3333 509 3380 iuuenes
533 3332 597 3380 nudi
621 3337 784 3379 exercentur
808 3331 835 3379 in
855 3347 965 3395 crirnpo,
987 3333 1032 3380 ubi
1050 3332 1110 3381 sula
1130 3339 1237 3382 tantiam
1259 3351 1305 3382 rre-

158 3397 243 3444 reuda
262 3399 428 3461 eymriuntur.
465 3415 567 3463 gcrrcra
586 3399 772 3462 gymnicorum
792 3399 911 3462 quinque
930 3398 1016 3448 saltus
1036 3416 1129 3448 crrrsus
1147 3402 1239 3450 iaetus
1253 3403 1305 3449 nir-

158 3470 201 3512 tus
220 3471 302 3528 atque
322 3466 446 3516 laetatio.
483 3467 553 3516 unde
579 3467 682 3526 ferunt,
713 3466 854 3529 qumndam
879 3483 970 3529 regem
991 3473 1032 3515 tot
1051 3467 1122 3517 tilios
1141 3469 1304 3518 ritlelescen-

159 3539 200 3580 tes
223 3531 371 3582 habentem
396 3535 509 3583 totidem
534 3534 681 3598 generilnrs
705 3533 738 3581 (lc
763 3549 846 3596 regno
870 3534 982 3583 iussisse
1002 3535 1179 3584 contendere.
1217 3537 1306 3585 saltus

159 3600 247 3649 dietus
267 3602 343 3664 (quasi
369 3603 464 3651 exilire
490 3603 517 3650 in
541 3601 634 3650 altrrnr.
674 3607 715 3649 est
740 3602 811 3649 eninr
837 3601 925 3649 saltus
949 3602 1032 3650 altius
1059 3602 1155 3651 exilire
1182 3604 1225 3652 uel
1247 3605 1304 3654 lon·

158 3668 227 3730 gius.
264 3684 357 3717 clusus
381 3687 397 3717 a
421 3670 569 3717 rrelecitatc
595 3684 700 3718 crurum
726 3676 849 3717 rrucatur.
886 3673 929 3717 est
956 3671 1027 3717 enim
1052 3686 1146 3719 census
1172 3672 1306 3721 celeritas

158 3735 265 3799 pedum.
309 3737 400 3785 iactus
424 3737 512 3785 dietus
536 3754 552 3784 a
576 3736 711 3785 iaciendo.
753 3736 824 3784 unde
850 3744 876 3784 et
900 3737 1076 3800 piscatorium
1101 3743 1158 3786 rete
1184 3739 1304 3788 iaculum

159 3805 266 3851 dieitur.
304 3804 365 3852 huie
386 3805 436 3852 arti
457 3820 521 3853 usus
540 3813 582 3852 est
600 3808 710 3867 arrepto
728 3803 821 3868 lapide
842 3805 934 3868 procul
956 3805 1046 3859 ferire.
1068 3804 1163 3853 hastas
1183 3807 1304 3870 pondere
1376 3808 1378 3812 ’

157 3870 258 3919 librato
278 3873 378 3931 iacere,
399 3872 517 3935 sagittas
536 3889 601 3920 areu
621 3873 756 3919 errrittere.
793 3872 878 3920 uirtus
904 3878 946 3920 cst
968 3872 1138 3921 immensitas
1158 3875 1257 3923 uirium
1277 3877 1304 3922 in

159 3938 253 3986 labere
274 3942 300 3986 et
318 3938 438 4001 pondere
458 3940 589 4003 corperis.
626 3939 741 3987 luctatio
761 3955 777 3988 a
796 3939 911 3987 laterum
931 3940 1074 4004 complexu
1093 3946 1226 4002 uocatur,
1247 3943 1304 4006 qni-

243 4099 260 4149 2
277 4091 420 4168 eripitolia
435 4094 459 4146 Α
475 4086 487 4170 Η
502 4103 520 4154 3
537 4092 648 4149 stlrmia
666 4096 690 4149 ,l
705 4087 718 4173 Η
734 4101 750 4152 t
765 4094 789 4149 si
807 4103 837 4150 et
850 4097 1004 4151 (taliterne.⁸
1019 4094 1044 4151 si
1060 4104 1093 4151 ut
1113 4099 1160 4152 Aa
1177 4104 1210 4152 nt
1227 4100 1275 4153 Λα
1291 4093 1302 4172 Η

160 4184 378 4251 corispureatur
392 4179 512 4248 scripsi:
541 4188 706 4254 conpareat
721 4183 745 4233 sl
765 4173 778 4257 Η
799 4186 813 4237 7
828 4187 859 4235 at
875 4178 913 4235 ile
933 4179 1001 4234 loeo
1021 4180 1171 4236 cornmnni
1188 4186 1305 4238 seclusit

160 4261 215 4421 Ηοε.
233 4263 362 4334 Scrrliqer
377 4267 407 4317 et
423 4259 541 4317 deloco
560 4262 709 4319 communi
728 4265 779 4319 Fr.
799 4265 901 4319 Irrrrins
916 4257 929 4342 Η
944 4275 961 4325 8
977 4283 1032 4340 per
1049 4263 1184 4321 duellum
1206 4287 1260 4321 ena
1282 4271 1305 4322 sl

193 4353 209 4404 9
226 4345 315 4400 statio
333 4348 372 4401 At
