2964 5002
164 364 226 430 260
334 376 569 424 svrsnsssura
590 374 679 421 mant
701 380 743 420 nr.
765 372 973 422 aarussrrvrs
993 374 1136 423 sartura

164 531 314 595 subrogata
332 546 360 594 p,
379 529 451 578 undo
471 536 499 577 et
516 527 590 592 apud
608 528 732 578 Graecos
749 519 872 593 σύαγρος
890 529 918 578 id
936 535 980 579 est
997 530 1072 580 ierus
1089 529 1201 580 dicitur.
1231 544 1311 580 omns

165 600 239 647 enim
258 597 329 662 quod
348 598 436 646 t'erum
459 603 502 645 est
526 601 554 645 et
575 596 679 645 immite
704 597 819 646 abusiue
839 602 950 662 agreste
971 596 1124 648 nocemus!
1165 600 1202 648 cf.
1222 599 1312 648 Varro

164 667 196 714 L.
222 668 254 714 L.
280 666 305 713 V
330 663 386 714 101.
426 662 471 712 28:
497 665 648 714 ‘quencus
671 663 761 713 dictus
780 679 813 713 eo
831 665 903 730 quod
920 665 1017 715 iuuare
1035 665 1154 731 incipiat
1171 666 1313 715 hominnm

165 748 230 782 usus
253 733 287 786 in,
306 732 459 781 excolenda
480 737 568 791 terra,
593 731 639 780 ucl
664 733 728 795 quia
752 732 824 797 apud
847 732 968 798 gentiles
990 734 1052 782 Ioui
1075 748 1184 799 semper
1207 733 1312 798 ubique

164 802 298 850 iuuencas
317 799 524 861 immolabatur,
548 814 694 863 numquam
712 804 817 849 taurus.
853 799 964 849 namin
981 801 1101 851 uictimis
1120 802 1207 850 etiam
1230 807 1313 851 actas

165 865 412 918 considerabatur.’
449 867 485 915 cl.
503 866 591 916 Varro
609 867 642 914 L.
668 866 701 915 L.
725 867 749 916 V
771 864 813 916 96.
862 865 908 917 30:
932 867 1037 917 Bouem
1055 868 1157 918 Graeci
1180 865 1256 935 βοῦν
1272 868 1313 918 di·

165 941 238 985 cunt.
275 935 347 983 hunc
365 935 461 984 Latini
479 933 595 983 trionem
613 938 725 995 uocant,
750 950 782 984 eo
801 935 873 999 quod
892 940 993 984 terram
1017 940 1106 999 terat,
1129 937 1211 1001 quasi
1228 936 1314 986 terio-

165 1019 237 1052 nem.
273 1002 408 1052 Naenius:
437 1003 568 1051 'l'rionum
591 1000 637 1050 hic
660 1003 817 1051 moderator
839 1003 969 1052 rusticus.
1012 1005 1091 1052 cuius
1113 1002 1235 1053 latitudo
1254 1002 1313 1068 pel·

164 1071 230 1119 lium
254 1086 271 1118 a
294 1075 386 1119 mento
410 1069 444 1118 ad
464 1085 544 1118 crura
564 1068 690 1133 palearia
709 1068 836 1119 dicuntur
859 1085 876 1118 a
894 1069 967 1135 pelle
986 1072 1048 1135 ipsa
1066 1071 1145 1135 quasi
1163 1070 1313 1137 pellearia,

165 1138 237 1202 quod
255 1144 298 1186 est
315 1137 514 1203 generositatis
531 1137 560 1185 in
579 1136 649 1186 boue
667 1135 794 1201 signum’
836 1138 872 1186 cf.
891 1138 980 1188 Varro
1002 1138 1087 1189 1..1..
1112 1138 1166 1188 VII
1188 1138 1222 1187 ta
1248 1137 1313 1187 Gel-

164 1205 218 1254 lius
236 1206 270 1255 N
289 1205 321 1253 A.
339 1205 367 1254 ll
384 1204 426 1265 ²1,
445 1204 470 1252 s.
501 1202 536 1253 43
553 1219 608 1267 sq:
627 1204 781 1253 ‘l'iuacitas
805 1219 936 1268 equorum
959 1205 1060 1266 multa;
1088 1205 1216 1256 exultant
1238 1206 1314 1255 enirn

163 1275 193 1322 in
211 1273 328 1337 campis,
354 1272 502 1321 odorantur
523 1271 641 1331 bellum,
659 1272 818 1321 excitantur
835 1287 903 1321 sono
920 1272 1006 1323 tubae
1025 1273 1061 1322 ad
1077 1273 1225 1337 praelium,
1242 1288 1313 1323 uoce

165 1342 280 1389 accensi
299 1339 334 1388 ad
352 1355 460 1390 cursum
479 1345 673 1403 prouocantur‚
697 1337 792 1388 dolent
814 1353 877 1389 cum
888 1340 958 1389 uicti
971 1341 1082 1401 fuerint,
1103 1340 1232 1391 exultant
1251 1356 1315 1391 cum

165 1407 293 1456 uicerint.
329 1408 440 1471 quidam
458 1406 550 1455 hostes
573 1407 603 1455 in
620 1405 694 1455 bello
711 1407 848 1467 sentiunt,
874 1406 944 1456 adeo
967 1412 998 1456 ut
1021 1406 1198 1458 aduersarios
1221 1424 1315 1459 morsu

166 1481 273 1540 petant.
311 1473 398 1539 aliqui
423 1474 506 1523 etiam
530 1475 655 1539 proprios
673 1473 797 1523 dominos
816 1479 1033 1539 recognoscunt,
1051 1475 1131 1525 obliti
1149 1484 1314 1526 mansuetu·

166 1543 247 1600 dinis,
269 1542 293 1591 si
312 1547 463 1592 mutentur:
483 1541 570 1603 aliqui
587 1545 698 1605 praeter
716 1540 853 1590 dominum
871 1541 976 1591 nullam
994 1542 1074 1592 dorso
1087 1542 1238 1608 recipiunt.
1269 1559 1314 1594 so·

164 1610 218 1659 lius
241 1610 305 1674 equi
328 1614 372 1658 est
393 1614 504 1674 propter
526 1609 663 1657 homiuem
684 1608 824 1658 lacrimari
852 1614 880 1659 et
908 1608 1010 1659 doloris
1037 1610 1168 1660 affectura
1196 1611 1313 1661 sentire.

166 1677 238 1727 unde
263 1684 291 1725 et
315 1677 344 1725 in
368 1676 508 1725 centauris
532 1691 662 1739 equorum
685 1682 712 1725 ct
735 1676 874 1726 hominum
897 1683 998 1727 natura
1016 1679 1152 1742 permixta
1176 1684 1228 1728 est.
1270 1692 1314 1729 so·

166 1745 225 1794 lent
243 1745 327 1792 etiam
347 1759 380 1792 ex
403 1758 531 1807 equorum
555 1744 696 1792 moestitia
714 1743 759 1793 uol
777 1743 1074 1794 alacritate-euentum
1092 1745 1215 1795 futurum
1234 1746 1315 1797 dimi-

167 1813 257 1861 caturi
275 1809 427 1874 colligere)
468 1811 505 1858 ct.
531 1810 641 1859 Solinus
663 1811 697 1859 45
714 1811 821 1860 Plinius
838 1812 871 1861 Ν.
890 1812 926 1861 H.
949 1811 996 1861 lta
1015 1827 1072 1877 sqq.
1108 1812 1143 1863 45
1161 1829 1237 1879 sqq:
1266 1814 1315 1864 ‘ln

168 1878 311 1944 generosis
329 1879 420 1941 equis,
448 1883 479 1926 ut
498 1878 575 1926 aiunt
593 1885 716 1939 ueteres,
741 1885 871 1944 quattuor
887 1894 901 1929 s
922 1885 1063 1929 ectantur:
1082 1880 1172 1931 forma
1190 1881 1315 1947 pulclrri·

167 1946 232 1996 tudo
255 1945 380 1994 meritum
408 1950 492 2008 atquc
515 1944 598 1994 color.
639 1946 726 1995 forma
751 1953 781 1996 ut
805 1947 842 1995 sit
863 1896 984 1997 ualidum
1009 1962 1107 2012 corpus
1131 1953 1161 1998 at
1182 1947 1314 2011 solidum,

166 2013 257 2063 robori
268 2013 435 2062 conueniens
442 2012 569 2073 altitudo,
580 2012 759 2062 substrictam
771 2012 854 2076 latus,
868 2016 1005 2064 maximae
1018 2022 1047 2064 et
1059 2016 1194 2066 rotundae
1205 2016 1314 2079 clunes,

166 2087 264 2146 pectus
277 2079 333 2129 late
347 2087 453 2144 patens,
469 2095 566 2145 corpus
580 2096 659 2129 omne
669 2081 851 2131 musculorum
861 2082 1000 2132 densitate
1009 2082 1149 2145 nodosum,
1160 2098 1212 2149 pes
1221 2084 1315 2134 siccus

168 2154 197 2198 et
213 2163 298 2197 cornu
315 2157 439 2197 concaua
455 2148 597 2197 solidatus.
625 2149 799 2213 pulchritudo
816 2156 847 2199 ut
861 2150 898 2200 sit
913 2150 1043 2215 exiguum
1058 2157 1143 2216 caput
1155 2157 1185 2201 et
1197 2154 1313 2214 siecum,

167 2215 239 2281 pelle
252 2231 336 2281 prope
349 2216 457 2265 ossibus
470 2215 649 2278 adhaerente,
663 2231 744 2267 aures
755 2217 855 2267 breues
867 2224 896 2267 et
905 2226 1015 2280 acutae,
1026 2216 1100 2268 oculi
1112 2220 1217 2283 magni,
1231 2234 1315 2271 naras

166 2283 290 2350 patulae,
307 2289 401 2333 crecta
416 2284 525 2346 ceruix,
544 2299 624 2333 coma
642 2284 730 2333 densa
750 2289 779 2335 et
796 2285 900 2344 cauda,
916 2284 1079 2349 ungularum
1095 2284 1240 2337 soliditate
1259 2286 1315 2337 sn

166 2351 332 2401 rotunditas.
348 2352 475 2401 meritum
484 2358 515 2400 nt
526 2352 563 2400 sit
575 2353 667 2401 ariimo
681 2352 778 2413 audax,
793 2352 909 2416 pedibus
921 2352 1024 2414 alacer,
1037 2354 1221 2404 trementibus
1230 2370 1316 2405 mem·

167 2418 235 2481 bris,
254 2419 326 2484 quod
344 2426 386 2468 est
398 2418 568 2469 fortitudinis
580 2419 724 2481 indicium,
743 2420 841 2484 quique
860 2436 894 2473 ex
911 2434 1018 2471 summa
1036 2420 1128 2484 quiete
1146 2421 1234 2472 facile
1250 2438 1318 2473 con·

168 2487 270 2537 citetur
282 2484 327 2535 uel
340 2487 464 2537 excitata
475 2487 656 2537 festinatione
672 2502 729 2536 non
744 2486 859 2537 difficile
878 2493 1015 2539 tencatur.
1042 2492 1239 2540 incursantem
1251 2489 1317 2555 equi

168 2555 198 2603 iu
216 2554 328 2604 auribus
344 2553 510 2618 intelligitur
530 2555 618 2603 uirtus
641 2555 670 2603 in
693 2555 822 2603 membris
844 2555 1036 2605 trementibus.
1076 2555 1152 2607 color
1169 2556 1217 2607 hic
1236 2572 1318 2622 pras·

170 2624 251 2687 cipuc
269 2622 450 2687 spectandus:
470 2621 567 2670 badius
586 2637 685 2671 arrreus
703 2638 797 2672 roseus
815 2623 930 2672 mirtaus
948 2623 1075 2672 cerninus
1093 2623 1186 2688 giluus
1198 2624 1317 2689 glaucus

170 2688 324 2740 scutulatus
342 2705 427 2738 canus
447 2689 579 2737 candidus
597 2689 676 2738 albus
694 2696 819 2754 guttatus
837 2691 924 2756 niger.
954 2692 1082 2755 sequenti
1100 2698 1193 2741 autem
1217 2693 1317 2743 ordine

170 2758 264 2806 uarius
283 2763 325 2805 ca‘
337 2760 414 2819 nigro
439 2756 575 2819 badioque
593 2756 755 2819 distinctus,
776 2758 897 2822 reliquus
915 2760 1008 2807 uarius
1027 2757 1103 2807 color
1120 2759 1166 2809 ucl
1186 2760 1317 2811 cinereus

171 2825 341 2873 deterrimus.
380 2823 489 2872 badium
508 2829 600 2873 autom
619 2826 726 2888 antiqui
745 2826 855 2875 uallium
874 2826 1013 2887 dicebant,
1039 2826 1110 2890 quod
1128 2827 1201 2876 inter
1219 2834 1317 2878 cetera

172 2890 304 2940 animalia
323 2891 421 2939 fortius
438 2891 533 2940 undat.
568 2892 629 2955 ipsc
648 2900 689 2940 ast
709 2898 736 2940 et
754 2893 865 2957 spadix,
886 2909 965 2957 quem
982 2893 1178 2958 phoenicatum
1197 2902 1317 2946 arceant:

173 2964 201 3008 et
219 2959 308 3006 dictus
325 2958 423 3022 spadix
442 2975 459 3007 a
478 2958 569 3008 colore
588 2959 705 3023 palmae,
727 2976 806 3024 quam
826 2960 913 3010 Siculi
931 2961 1074 3024 spadicam
1092 2970 1204 3011 uocant.
1236 2962 1316 3028 glau-

172 3041 220 3074 cus
243 3040 308 3074 uero
332 3032 374 3074 est
398 3026 483 3075 ueluti
502 3027 590 3090 pictos
614 3027 709 3076 oculos
731 3028 837 3077 lrabcua
860 3035 888 3076 et
911 3027 1029 3092 quodam
1051 3028 1199 3093 splendore
1222 3032 1317 3095 perfu-

171 3108 228 3142 sos:
248 3108 310 3140 uam
329 3093 457 3157 glaucum
475 3101 586 3143 ueteres
604 3094 735 3144 dicebant
753 3109 777 3143 s.
813 3095 903 3159 giluus
931 3104 1021 3145 autom
1040 3095 1159 3147 melinus
1177 3097 1255 3148 color
1273 3103 1318 3148 est

171 3160 341 3209 subalbidus.
383 3167 508 3226 guttatus
532 3160 610 3211 albus
633 3163 719 3224 nigris
740 3164 991 3215 interuenientibus
1019 3165 1137 3228 punctis.
1180 3166 1317 3216 candidus

172 3233 264 3277 autem
283 3233 312 3276 et
329 3227 408 3278 albus
427 3230 546 3279 inuicem
564 3230 617 3279 sibi
636 3230 775 3280 differunt.
811 3246 874 3279 uam
894 3231 973 3281 albus
991 3247 1052 3280 cum
1071 3231 1189 3295 quodam
1207 3233 1317 3298 pallore

172 3300 223 3357 est,
248 3296 381 3345 candidus
404 3312 469 3346 uero
492 3298 590 3346 niueas
613 3304 641 3346 et
664 3313 732 3362 pura
755 3298 818 3347 luce
842 3299 977 3363 perfusus.
1014 3314 1099 3349 canus
1122 3300 1225 3360 dictus,
1250 3303 1317 3366 quia

173 3378 206 3411 ex
225 3363 342 3412 candido
361 3364 452 3414 calore
472 3370 501 3413 ct
518 3366 596 3428 nigro
616 3372 667 3415 cst.
704 3365 859 3415 scutulatus
878 3372 994 3415 uocatus
1012 3371 1124 3431 propter
1135 3369 1227 3427 orbes,
1248 3384 1318 3433 quos

171 3430 257 3479 habet
276 3431 407 3482 candidos
431 3433 503 3481 inter
526 3448 667 3497 purpuras.
708 3435 803 3482 uarius
827 3433 898 3497 quod
916 3435 978 3483 uias
1000 3433 1106 3484 habeat
1124 3435 1248 3485 colorum
1267 3438 1318 3487 im·

172 3499 286 3562 parium.
323 3500 368 3563 qui
386 3505 478 3549 autem
498 3500 576 3550 albos
594 3508 701 3549 tantum
719 3502 804 3566 pedes
821 3501 941 3564 habent,
959 3502 1039 3566 petili
1058 3502 1250 3567 appellantur:
1270 3506 1319 3568 qui

173 3567 291 3615 frontem
304 3567 405 3629 albam,
421 3567 526 3617 callidi.
546 3570 673 3618 cerninus
687 3578 738 3631 est,
753 3584 833 3634 quem
845 3568 927 3633 uulgo
940 3584 1092 3633 gauranem
1104 3571 1209 3620 dicunt.
1236 3587 1317 3622 acra·

172 3650 234 3684 nem
261 3635 333 3684 idem
357 3635 456 3700 uulgus
478 3642 574 3695 uocat,
604 3636 676 3700 quod
702 3638 730 3686 in
754 3637 861 3686 modum
885 3638 923 3686 sit
945 3639 1018 3686 aeris
1047 3637 1156 3687 coloris.
1202 3640 1319 3689 mirteus

173 3709 265 3751 autem
289 3708 332 3751 est
354 3718 464 3766 pressus
488 3705 516 3753 in
540 3718 667 3768 purpura.
708 3704 820 3754 dusinus
844 3709 936 3753 autem
954 3705 1059 3767 dictus,
1085 3706 1155 3769 quod
1179 3708 1218 3755 sit
1242 3707 1319 3758 color

173 3771 284 3820 eiusde
303 3771 389 3827 asino,
409 3771 481 3819 idem
501 3776 529 3820 et
547 3773 681 3821 cinereus.
719 3779 783 3821 suut
802 3779 893 3821 autem
912 3773 940 3822 hi
959 3773 992 3821 dc
1006 3774 1111 3836 agresti
1129 3789 1234 3837 genere
1254 3776 1317 3836 orti,

173 3853 240 3902 quos
259 3837 398 3901 equiferos
416 3838 545 3900 dicimus,
571 3845 599 3888 ct
620 3839 735 3904 proinde
758 3840 793 3889 ad
817 3840 951 3889 urbanam
974 3839 1138 3905 dignitatem
1163 3843 1318 3906 procedere

172 3920 226 3953 non
249 3909 370 3969 possunt.
407 3920 515 3955 mauros
539 3907 618 3969 niger
641 3912 691 3956 est.
728 3909 834 3972 nigrum
859 3908 931 3956 cuim
950 3909 1046 3969 graeci
1066 3906 1181 3972 μαῠρον
1203 3916 1318 3960 uocant.

173 3988 288 4021 mannus
306 3987 371 4020 uero
391 3987 475 4034 equus
499 3973 610 4023 breuior
629 3981 684 4035 est,
710 3991 789 4039 quem
808 3975 890 4039 uulgo
908 3974 1032 4024 buricum
1051 3982 1162 4025 uocant.
1199 3978 1319 4028 ueredos

173 4040 280 4102 antiqui
298 4039 439 4097 dixerunt,
464 4042 534 4103 quod
558 4042 693 4091 uellerent
716 4044 795 4092 redas
818 4043 845 4091 id
870 4048 912 4092 cst
929 4043 1074 4103 ducerent,
1099 4042 1146 4093 uel
1163 4046 1237 4109 quod
1255 4047 1319 4097 uias

172 4107 298 4171 publicas
322 4114 433 4154 currant
459 4123 509 4171 per
537 4125 605 4173 quas
635 4116 664 4159 et
694 4110 768 4159 redis
793 4111 831 4158 ire
854 4110 965 4160 solitum
989 4116 1058 4160 arat.
1097 4112 1240 4175 Equorum
1263 4115 1319 4164 tria

172 4179 235 4222 sunt
254 4189 369 4239 genera:
389 4187 471 4223 uuum
490 4191 660 4239 generosum.
679 4178 794 4244 praeliis
813 4182 841 4227 ot
859 4179 988 4228 oneribus
1007 4185 1109 4243 aptum,
1129 4178 1251 4231 alterum
1260 4181 1319 4232 uul-

173 4257 238 4304 gare
257 4249 340 4305 atquo
359 4243 524 4305 gregarium,
545 4244 580 4293 ad
598 4245 752 4295 uchondum
769 4262 824 4295 non
836 4246 871 4294 ad
885 4246 1063 4310 equitandum
1076 4252 1184 4310 aptum:
1204 4249 1319 4299 tertium

173 4323 205 4355 cx
223 4310 404 4374 permixtione
429 4309 533 4359 diuersi
555 4314 665 4373 generis
688 4318 789 4374 ortum,
818 4313 889 4377 quod
913 4314 996 4362 etiam
1018 4315 1182 4379 bigenerum
1205 4316 1319 4378 dicitur,

174 4376 238 4440 quia
258 4393 290 4426 ex
313 4376 430 4427 diuersis
448 4379 580 4443 nascitur,
600 4386 630 4429 ut
648 4380 756 4430 mulus!
794 4382 830 4429 cf.
849 4379 992 4431 Palladius
1008 4382 1067 4431 Illl
1086 4380 1118 4431 13
1135 4373 1319 4445 Varro'Ovos
