2964 5002
216 359 277 420 536
528 344 531 352 ¹
624 375 659 416 m
673 373 775 414 vmau
793 371 946 412 reanum

215 532 346 612 pectare
361 524 592 604 constituerat,
614 520 790 607 auditoque
806 518 996 603 naufragio,
1018 539 1116 602 aegre
1133 515 1244 581 ferens
1260 517 1353 580 amis·

217 648 268 690 aas
288 624 433 705 fabulas,
457 621 671 710 Stymphalim
691 621 833 685 decessit
850 622 883 683 in
898 619 1057 701 Arcadia,
1083 623 1148 704 [abi
1163 630 1192 682 et
1208 622 1353 703 mortuus]

215 727 411 815 publiceque
435 726 579 811 sepultus
599 734 665 807 est,
689 723 749 788 Cn.
767 721 941 787 Dolabella
956 720 1074 786 Fuluio
1091 718 1261 785 Nobiliore
1282 743 1355 785 eon-

164 843 198 895 20
216 828 351 893 salibus
397 826 529 892 fabulae
559 827 628 891 eius
658 834 773 891 extant
801 833 939 911 quatuor
966 845 1009 888 ex
1042 822 1223 888 Menandro
1251 832 1356 888 trans·

217 931 322 1011 tatae·
339 930 481 1011 Andria,
500 928 695 1012 Eunuchus,
716 927 887 1014 Adelpboe
904 935 935 990 ct
949 926 1354 991 Heautontimorumenos:

217 1032 299 1097 duae
317 1055 357 1095 ex
374 1029 574 1117 Apollodoro
590 1031 761 1117 Carystio,
777 1029 909 1117 Hecyra
927 1037 958 1092 et
974 1028 1136 1094 Phormio.
1171 1026 1224 1091 hic
1246 1027 1355 1092 Eunu-

216 1133 311 1197 chum
326 1133 515 1198 uendidisse
536 1132 654 1196 dieitur
669 1143 741 1197 octo
759 1131 889 1196 milibus
905 1153 1091 1213 numerum,
1114 1131 1201 1217 quod
1217 1133 1357 1217 pretium

216 1244 291 1299 ante
312 1257 384 1298 eum
404 1225 501 1306 nemo
520 1245 698 1322 acceperat.

1043 1374 1050 1402 t

288 1485 317 1543 17
337 1495 463 1545 amisisse
478 1494 533 1543 AB.
549 1495 708 1544 amissorum
722 1494 884 1543 scriniorum
898 1494 922 1541 P
990 1491 1022 1541 18
1040 1492 1208 1557 stimphalim
1227 1495 1294 1556 AB,
1311 1496 1357 1544 Pc-

217 1587 314 1630 trarea.
335 1579 491 1644 Stymphali
500 1580 562 1628 MP.
586 1580 638 1629 Aut
650 1579 785 1628 obuersata
795 1585 832 1627 est
846 1579 921 1627 rnenti
931 1579 1067 1638 scriptoris
1080 1577 1249 1643 Stymphalis
1261 1577 1357 1644 (putres)

213 1666 313 1729 fornia,
333 1672 376 1714 aut
393 1665 569 1728 corripendum
587 1662 774 1728 Stymplralunr
844 1660 972 1726 decessit]
997 1680 1029 1711 nn
1053 1663 1191 1712 secessit?
1215 1661 1220 1674 “
1260 1665 1357 1714 archa-

217 1750 263 1800 dia
281 1752 305 1800 A
376 1750 424 1798 ubi
443 1755 471 1798 et
488 1753 609 1798 mortuus
626 1751 665 1798 cel
681 1750 780 1814 aliqna'd
799 1749 879 1798 sintita
901 1749 1062 1798 intercidisse
1085 1755 1147 1813 puto
1219 1747 1251 1797 111
1268 1749 1357 1814 publi-

219 1850 304 1901 ceque
324 1835 364 1884 ibi
382 1833 505 1898 sepult-us
524 1833 580 1882 MP
646 1832 694 1881 Cn.
713 1832 923 1882 Dolabella...
941 1869 947 1881 .
966 1832 1123 1883 consulibus
1141 1849 1188 1883 om.
1207 1835 1233 1883 A
1306 1835 1356 1886 Gn.

217 1918 357 1969 delebella
376 1919 408 1967 B.
423 1918 452 1967 C.
472 1916 619 1967 Dolabella
638 1916 693 1966 MP
751 1917 858 1967 'Fuluio
877 1914 1030 1982 Nobiliore]
1051 1923 1079 1966 et
1097 1917 1183 1967 fuluio
1201 1918 1304 1968 honore
1324 1920 1356 1970 B.
1411 1908 1415 1915 ⁴

216 2003 316 2053 Fuluio
335 2003 438 2051 Flacco
458 2002 496 2051 M.
517 2006 544 2050 et
563 2001 648 2050 iuluio
667 2000 692 2049 P
758 1999 791 2049 ‘20
815 1997 929 2066 quatiror
953 2018 985 2050 cx
1009 2001 1055 2050 his
1076 2017 1126 2066 quo
1150 2018 1225 2052 rome
1250 2020 1284 2052 ex
1303 2022 1356 2054 mc-

217 2088 321 2137 nandro
339 2087 493 2136 translatae
512 2091 576 2134 sunt
593 2087 618 2134 P
685 2085 819 2135 translata
838 2087 863 2136 A
931 2085 961 2134 21
984 2087 1081 2136 andria
1099 2093 1127 2136 et
1145 2089 1168 2136 A
1240 2089 1356 2155 adelphe

217 2172 256 2221 M.
277 2171 408 2237 adelphos
427 2173 450 2221 A
470 2170 496 2234 (e
515 2171 566 2220 BP
582 2172 643 2221 nihil
660 2170 782 2233 notatum)
853 2172 1136 2221 autentimorumenon
1153 2173 1178 2222 A
1198 2172 1224 2236 (e
1237 2175 1290 2223 BP
1300 2176 1361 2224 nihil

218 2256 340 2320 notatum)
410 2256 442 2304 ‘22
461 2257 529 2306 duas
547 2256 572 2306 A
641 2255 781 2320 pollodore
800 2257 824 2306 A
894 2256 1153 2318 caritioA(ctP?).
1174 2259 1356 2310 caricioBM.

219 2340 389 2391 Corinthium
402 2340 454 2406 (vel
472 2340 653 2404 CarInthium)
666 2342 794 2390 Petrnrea
806 2343 873 2391 dixit
924 2331 1028 2391 ‘cohira
1041 2340 1163 2405 (hecyra)
1177 2348 1205 2392 et
1222 2343 1356 2408 phormio'

218 2427 276 2477 BP.
291 2431 318 2475 et
331 2428 469 2477 formosA
533 2427 579 2476 hie
592 2426 882 2490 eunuchusA(BP?).
897 2425 1057 2475 Eunuchum
1071 2427 1104 2476 M
1162 2426 1196 2478 23
1215 2435 1278 2479 octo
1292 2430 1355 2479 AM.

219 2512 271 2560 XII
284 2511 317 2560 B.
337 2512 404 2561 XIII
417 2513 448 2559 P.
466 2511 566 2575 uiginti
579 2513 715 2561 Petrarca.
735 2510 763 2562 in
776 2514 837 2558 octo
850 2510 1003 2572 Polemonem
1054 2511 1162 2560 milibus
1176 2513 1212 2562 M.
1231 2514 1309 2563 milia
1322 2517 1355 2564 A.

220 2596 306 2646 ‘milia
319 2601 357 2647 orl
375 2596 493 2645 nrilibus'
513 2597 570 2645 BP.
590 2595 710 2645 millibus
730 2597 810 2658 Petu,
831 2597 885 2645 Pol.
906 2597 1039 2661 perictioni
1058 2612 1193 2645 nummum
1264 2615 1357 2649 numo-

219 2698 276 2731 rum
295 2684 383 2746 pretio
403 2681 470 2745 quod
495 2682 610 2745 pretium
629 2683 654 2730 A
725 2697 784 2729 anre
809 2685 864 2729 turn
884 2682 907 2729 A
977 2682 1009 2730 24
1034 2682 1191 2747 aceIpiebat
1216 2684 1241 2732 A
1313 2684 1357 2734 Se-

220 2775 328 2832 quuntur
345 2770 369 2814 in
391 2768 413 2813 P
430 2766 551 2829 Reliquit
570 2772 597 2815 et
615 2766 774 2831 epitaphion
794 2782 869 2814 sumn
888 2767 943 2815 tale
962 2768 1049 2815 Natus
1068 2768 1095 2816 111
1116 2768 1234 2816 excelsis
1253 2777 1302 2818 eet,
1322 2767 1356 2824 (h.

219 2869 241 2903 e.
261 2855 414 2916 epiyrnmma
432 2852 600 2915 Arrtlrolopr'ne
618 2853 679 2900 illud
700 2852 739 2912 II,
759 2854 809 2899 220
827 2851 924 2911 Barna,
946 2853 994 2900 ste
1014 2852 1126 2915 alleyer.)

302 3076 373 3132 Non
391 3075 571 3132 norithone
592 3076 686 3132 vitam
709 3075 758 3153 qui
784 3073 821 3131 de
844 3075 991 3132 'Ferentio
1014 3075 1100 3132 futile.
1123 3080 1342 3137 corrrmontario

221 3180 280 3236 111111
308 3176 545 3235 coriscribillavit
574 3197 612 3235 ex
642 3176 857 3235 (laoniensi
885 3174 988 3233 codiee
1019 3176 1057 3233 ab
1079 3177 1255 3236 Abrahamo
1283 3179 1358 3238 Gro-

221 3281 312 3337 novio
336 3279 521 3355 publicatum
545 3279 628 3358 apud
651 3279 899 3336 ll'esterhovium
921 3279 1018 3356 praef.
1042 3280 1113 3337 Ter.
1138 3301 1169 3357 p.
1191 3301 1280 3339 xxxrr
1302 3303 1358 3360 sep,

222 3402 259 3450 ex
275 3382 403 3439 Ila-lensi
421 3402 448 3439 a.
465 3392 526 3443 leur
546 3401 563 3437 a
580 3382 717 3438 Terentii
736 3378 799 3455 (vel
814 3365 915 3458 potius
932 3381 1115 3438 Terentiani
1132 3381 1246 3439 coelicis
1263 3382 1358 3460 illius)

223 3483 340 3540 editore
357 3485 489 3541 llruusio
506 3505 536 3561 p.
553 3494 569 3544 3
586 3504 652 3561 sqq.
685 3481 744 3558 Qui
768 3484 897 3559 scriptor
919 3494 1041 3561 praeter
1064 3485 1162 3561 ipsum
1178 3484 1361 3544 Terentium

223 3584 331 3643 Oresio
353 3607 439 3659 usura,
457 3586 631 3656 Priscian,
650 3585 777 3656 Rufino,
795 3585 939 3656 Horatio,
964 3606 1025 3643 111111
1042 3586 1182 3643 Ilormto:
1201 3606 1240 3644 ex
1257 3587 1360 3647 Orosii

223 3688 303 3745 eninr
330 3686 381 3744 lib.
405 3700 454 3759 lt',
480 3698 510 3747 to
536 3687 648 3746 stolida
670 3687 807 3744 confusio
835 3687 886 3743 illa
908 3696 1017 3764 poetae
1039 3688 1178 3745 Terentii
1202 3698 1296 3767 atque
1322 3690 1359 3767 Q.

222 3790 360 3847 'I'erentii
386 3789 542 3848 Culleonis
569 3790 664 3847 fluxit.
709 3790 844 3868 Vtraque
872 3790 935 3847 vita
960 3790 1124 3846 Francisce
1147 3790 1361 3851 Petrareac

222 3893 253 3950 111
275 3903 416 3970 promptu
439 3893 509 3960 fnit,
539 3893 733 3950 lixorrienses
760 3892 892 3968 ineptias
916 3892 1050 3967 graviter
1076 3892 1287 3969 impugnanti,
1315 3896 1361 3952 ni·

222 3996 312 4053 mium
330 3997 442 4052 coriliso
460 3996 636 4051 commentis
659 3993 885 4051 Arubrosianis:
902 3994 999 4070 ipsum
1016 3995 1171 4050 Donatum
1189 3994 1222 4070 (i.
1240 4015 1267 4052 e.
1286 3996 1361 4054 Sue·

223 4095 351 4171 torrium)
370 4117 408 4153 ne
422 4086 565 4153 Petrarca
582 4096 704 4174 quidem
722 4097 848 4172 legerat.
872 4095 1056 4153 El'etrarea
1073 4105 1172 4153 autem
1188 4105 1269 4155 totus
1284 4118 1361 4176 pen·

224 4196 275 4255 (let
296 4199 404 4255 Sicco
421 4197 684 4270 Polentonus,.
696 4199 778 4255 errius
799 4199 891 4255 ritmo
908 4199 1035 4255 ineunte
1060 4199 1182 4255 soeculo
1200 4211 1245 4254 xv
1265 4201 1360 4279 scrip-

224 4307 283 4355 tam
306 4320 322 4356 e
344 4297 524 4356 Florentino
548 4297 653 4355 coelice
682 4298 765 4356 edidi
788 4300 912 4377 Parerg.
936 4300 1034 4356 I’lant.
1060 4320 1090 4376 p.
1112 4309 1161 4361 635
1179 4320 1224 4378 sq.
1270 4300 1361 4360 Cete-

224 4418 286 4454 rum
309 4399 523 4456 I'etrareanam
547 4418 608 4455 non
631 4399 721 4457 habui
744 4401 801 4458 nisi
827 4422 864 4460 ex
880 4400 1087 4458 tt'estcrhovii
1110 4402 1306 4480 praefatione
1327 4424 1358 4482 p.
