<?xml version="1.0" encoding="UTF-8"?>
<!DOCTYPE html PUBLIC "-//W3C//DTD XHTML 1.0 Transitional//EN"
    "http://www.w3.org/TR/xhtml1/DTD/xhtml1-transitional.dtd">
<html xmlns="http://www.w3.org/1999/xhtml" xml:lang="en" lang="en">
 <head>
  <title>
</title>
<meta http-equiv="Content-Type" content="text/html;charset=utf-8" />
  <meta name='ocr-system' content='tesseract 3.04.00' />
  <meta name='ocr-capabilities' content='ocr_page ocr_carea ocr_par ocr_line ocrx_word'/>
</head>
<body>
  <div class='ocr_page' id='page_1' title='image "./csvetonitranqvi00ritsgoog_0387.png"; bbox 0 0 2964 5002; ppageno 0'>
   <div class='ocr_carea' id='block_1_1' title="bbox 149 367 1009 429">
    <p class='ocr_par' dir='ltr' id='par_1_1' title="bbox 149 367 1009 429">
     <span class='ocr_line' id='line_1_1' title="bbox 149 367 1009 429; baseline -0.01 -1"><span class='ocrx_word' id='word_1_1' title='bbox 149 367 210 429; x_wconf 79' lang='lat'><strong>352</strong></span> <span class='ocrx_word' id='word_1_2' title='bbox 424 379 620 421; x_wconf 79' lang='lat' dir='ltr'><strong>oaraaoaru</strong></span> <span class='ocrx_word' id='word_1_3' title='bbox 643 379 809 420; x_wconf 75' lang='lat' dir='ltr'><strong>trasoavu</strong></span> <span class='ocrx_word' id='word_1_4' title='bbox 833 378 1009 428; x_wconf 75' lang='lat' dir='ltr'><strong>usurarias</strong></span> 
     </span>
    </p>
   </div>
   <div class='ocr_carea' id='block_1_2' title="bbox 148 527 1297 3017">
    <p class='ocr_par' dir='ltr' id='par_1_2' title="bbox 148 527 1297 3017">
     <span class='ocr_line' id='line_1_2' title="bbox 149 527 1294 589; baseline -0.001 -11"><span class='ocrx_word' id='word_1_5' title='bbox 149 531 229 578; x_wconf 70' lang='lat' dir='ltr'><strong>isonis</strong></span> <span class='ocrx_word' id='word_1_6' title='bbox 247 530 303 578; x_wconf 84' lang='lat' dir='ltr'><strong>suis</strong></span> <span class='ocrx_word' id='word_1_7' title='bbox 321 527 449 577; x_wconf 85' lang='lat' dir='ltr'><strong>heredem</strong></span> <span class='ocrx_word' id='word_1_8' title='bbox 469 528 545 577; x_wconf 80' lang='lat' dir='ltr'><strong>feeit.</strong></span> <span class='ocrx_word' id='word_1_9' title='bbox 580 528 616 577; x_wconf 86' lang='lat' dir='ltr'><strong>ob</strong></span> <span class='ocrx_word' id='word_1_10' title='bbox 635 528 662 576; x_wconf 88' lang='lat' dir='ltr'><strong>id</strong></span> <span class='ocrx_word' id='word_1_11' title='bbox 679 528 804 577; x_wconf 88' lang='lat' dir='ltr'><strong>meritum</strong></span> <span class='ocrx_word' id='word_1_12' title='bbox 823 542 839 575; x_wconf 92' lang='lat' dir='ltr'><strong>a</strong></span> <span class='ocrx_word' id='word_1_13' title='bbox 851 528 961 576; x_wconf 88' lang='lat' dir='ltr'><strong>flamine</strong></span> <span class='ocrx_word' id='word_1_14' title='bbox 973 528 1111 589; x_wconf 72' lang='lat' dir='ltr'><strong>Quirinali</strong></span> <span class='ocrx_word' id='word_1_15' title='bbox 1127 528 1294 578; x_wconf 85' lang='lat' dir='ltr'><strong>saeritieium</strong></span> 
     </span>
     <span class='ocr_line' id='line_1_3' title="bbox 150 595 1294 660; baseline 0.001 -16"><span class='ocrx_word' id='word_1_16' title='bbox 150 598 175 644; x_wconf 85' lang='lat' dir='ltr'><strong>ei</strong></span> <span class='ocrx_word' id='word_1_17' title='bbox 194 597 303 660; x_wconf 79' lang='lat' dir='ltr'><strong>pnlrliee</strong></span> <span class='ocrx_word' id='word_1_18' title='bbox 322 597 352 643; x_wconf 85' lang='lat' dir='ltr'><strong>tit</strong></span> <span class='ocrx_word' id='word_1_19' title='bbox 370 600 399 643; x_wconf 86' lang='lat' dir='ltr'><strong>et</strong></span> <span class='ocrx_word' id='word_1_20' title='bbox 416 596 476 643; x_wconf 87' lang='lat' dir='ltr'><strong>dies</strong></span> <span class='ocrx_word' id='word_1_21' title='bbox 496 612 510 643; x_wconf 89' lang='lat' dir='ltr'><strong>e.</strong></span> <span class='ocrx_word' id='word_1_22' title='bbox 529 597 637 643; x_wconf 85' lang='lat' dir='ltr'><strong>nemine</strong></span> <span class='ocrx_word' id='word_1_23' title='bbox 658 595 714 643; x_wconf 83' lang='lat' dir='ltr'><strong>eius</strong></span> <span class='ocrx_word' id='word_1_24' title='bbox 733 597 762 643; x_wconf 90' lang='lat' dir='ltr'><strong>in</strong></span> <span class='ocrx_word' id='word_1_25' title='bbox 780 595 867 643; x_wconf 79' lang='lat' dir='ltr'><strong>fastus</strong></span> <span class='ocrx_word' id='word_1_26' title='bbox 885 595 1004 643; x_wconf 89' lang='lat' dir='ltr'><strong>additus.</strong></span> <span class='ocrx_word' id='word_1_27' title='bbox 1040 595 1088 645; x_wconf 82' lang='lat' dir='ltr'><strong>sed</strong></span> <span class='ocrx_word' id='word_1_28' title='bbox 1102 595 1224 643; x_wconf 64' lang='lat' dir='ltr'><strong>satanas</strong></span> <span class='ocrx_word' id='word_1_29' title='bbox 1237 599 1294 645; x_wconf 75' lang='lat' dir='ltr'><strong>lla-</strong></span> 
     </span>
     <span class='ocr_line' id='line_1_4' title="bbox 149 661 1295 726; baseline -0.001 -15"><span class='ocrx_word' id='word_1_30' title='bbox 149 665 237 712; x_wconf 90' lang='lat' dir='ltr'><strong>surius</strong></span> <span class='ocrx_word' id='word_1_31' title='bbox 260 666 288 711; x_wconf 91' lang='lat' dir='ltr'><strong>in</strong></span> <span class='ocrx_word' id='word_1_32' title='bbox 312 664 398 726; x_wconf 89' lang='lat' dir='ltr'><strong>primo</strong></span> <span class='ocrx_word' id='word_1_33' title='bbox 423 663 619 711; x_wconf 87' lang='lat' dir='ltr'><strong>memorialium</strong></span> <span class='ocrx_word' id='word_1_34' title='bbox 644 667 752 710; x_wconf 69' lang='lat' dir='ltr'><strong>suentes</strong></span> <span class='ocrx_word' id='word_1_35' title='bbox 772 663 902 725; x_wconf 77' lang='lat' dir='ltr'><strong>‹piosdam</strong></span> <span class='ocrx_word' id='word_1_36' title='bbox 921 661 1053 711; x_wconf 77' lang='lat' dir='ltr'><strong>historiae</strong></span> <span class='ocrx_word' id='word_1_37' title='bbox 1072 663 1225 726; x_wconf 68' lang='lat' dir='ltr'><strong>scriptores</strong></span> <span class='ocrx_word' id='word_1_38' title='bbox 1244 664 1295 711; x_wconf 75' lang='lat' dir='ltr'><strong>Ae-</strong></span> 
     </span>
     <span class='ocr_line' id='line_1_5' title="bbox 150 729 1294 792; baseline -0.003 -13"><span class='ocrx_word' id='word_1_39' title='bbox 150 747 210 779; x_wconf 85' lang='lat' dir='ltr'><strong>earn</strong></span> <span class='ocrx_word' id='word_1_40' title='bbox 230 732 389 779; x_wconf 85' lang='lat' dir='ltr'><strong>Larentiam</strong></span> <span class='ocrx_word' id='word_1_41' title='bbox 403 729 510 778; x_wconf 82' lang='lat' dir='ltr'><strong>Romuli</strong></span> <span class='ocrx_word' id='word_1_42' title='bbox 530 731 661 777; x_wconf 81' lang='lat' dir='ltr'><strong>nutricem</strong></span> <span class='ocrx_word' id='word_1_43' title='bbox 677 729 761 777; x_wconf 78' lang='lat' dir='ltr'><strong>fuisse</strong></span> <span class='ocrx_word' id='word_1_44' title='bbox 776 731 849 777; x_wconf 82' lang='lat' dir='ltr'><strong>dieit</strong></span> <span class='ocrx_word' id='word_1_45' title='bbox 881 745 924 789; x_wconf 83' lang='lat' dir='ltr'><strong>ea,</strong></span> <span class='ocrx_word' id='word_1_46' title='bbox 950 730 1046 792; x_wconf 89' lang='lat' dir='ltr'><strong>iuquit,</strong></span> <span class='ocrx_word' id='word_1_47' title='bbox 1066 730 1166 778; x_wconf 87' lang='lat' dir='ltr'><strong>mulier</strong></span> <span class='ocrx_word' id='word_1_48' title='bbox 1185 748 1218 780; x_wconf 85' lang='lat' dir='ltr'><strong>ex</strong></span> <span class='ocrx_word' id='word_1_49' title='bbox 1231 732 1294 779; x_wconf 81' lang='lat' dir='ltr'><strong>‹lira-</strong></span> 
     </span>
     <span class='ocr_line' id='line_1_6' title="bbox 149 796 1296 847; baseline 0.001 -1"><span class='ocrx_word' id='word_1_50' title='bbox 149 799 237 847; x_wconf 85' lang='lat' dir='ltr'><strong>deeim</strong></span> <span class='ocrx_word' id='word_1_51' title='bbox 256 798 321 847; x_wconf 87' lang='lat' dir='ltr'><strong>tiliis</strong></span> <span class='ocrx_word' id='word_1_52' title='bbox 340 797 461 846; x_wconf 75' lang='lat' dir='ltr'><strong>marilias</strong></span> <span class='ocrx_word' id='word_1_53' title='bbox 478 813 559 845; x_wconf 89' lang='lat' dir='ltr'><strong>unmn</strong></span> <span class='ocrx_word' id='word_1_54' title='bbox 578 802 663 844; x_wconf 89' lang='lat' dir='ltr'><strong>morte</strong></span> <span class='ocrx_word' id='word_1_55' title='bbox 683 797 783 847; x_wconf 85' lang='lat' dir='ltr'><strong>amisit.</strong></span> <span class='ocrx_word' id='word_1_56' title='bbox 820 798 848 845; x_wconf 89' lang='lat' dir='ltr'><strong>in</strong></span> <span class='ocrx_word' id='word_1_57' title='bbox 866 796 940 845; x_wconf 85' lang='lat' dir='ltr'><strong>illius</strong></span> <span class='ocrx_word' id='word_1_58' title='bbox 958 797 1046 846; x_wconf 90' lang='lat' dir='ltr'><strong>loeum</strong></span> <span class='ocrx_word' id='word_1_59' title='bbox 1058 797 1189 846; x_wconf 85' lang='lat' dir='ltr'><strong>Romulus</strong></span> <span class='ocrx_word' id='word_1_60' title='bbox 1202 799 1296 847; x_wconf 81' lang='lat' dir='ltr'><strong>Aeeue</strong></span> 
     </span>
     <span class='ocr_line' id='line_1_7' title="bbox 149 864 1296 929; baseline 0.001 -15"><span class='ocrx_word' id='word_1_61' title='bbox 149 880 211 914; x_wconf 73' lang='lat' dir='ltr'><strong>sese</strong></span> <span class='ocrx_word' id='word_1_62' title='bbox 231 866 314 915; x_wconf 90' lang='lat' dir='ltr'><strong>tilium</strong></span> <span class='ocrx_word' id='word_1_63' title='bbox 333 865 510 928; x_wconf 82' lang='lat' dir='ltr'><strong>deditaeque</strong></span> <span class='ocrx_word' id='word_1_64' title='bbox 536 871 565 913; x_wconf 90' lang='lat' dir='ltr'><strong>ot</strong></span> <span class='ocrx_word' id='word_1_65' title='bbox 590 870 696 913; x_wconf 84' lang='lat' dir='ltr'><strong>eeteros</strong></span> <span class='ocrx_word' id='word_1_66' title='bbox 715 864 773 912; x_wconf 88' lang='lat' dir='ltr'><strong>eius</strong></span> <span class='ocrx_word' id='word_1_67' title='bbox 792 864 862 912; x_wconf 82' lang='lat' dir='ltr'><strong>tilios</strong></span> <span class='ocrx_word' id='word_1_68' title='bbox 881 865 982 913; x_wconf 80' lang='lat' dir='ltr'><strong>iratres</strong></span> <span class='ocrx_word' id='word_1_69' title='bbox 1001 864 1111 913; x_wconf 82' lang='lat' dir='ltr'><strong>areales</strong></span> <span class='ocrx_word' id='word_1_70' title='bbox 1130 865 1296 929; x_wconf 88' lang='lat' dir='ltr'><strong>appellauit.</strong></span> 
     </span>
     <span class='ocr_line' id='line_1_8' title="bbox 150 931 1295 996; baseline 0 -15"><span class='ocrx_word' id='word_1_71' title='bbox 150 948 183 982; x_wconf 77' lang='lat' dir='ltr'><strong>ex</strong></span> <span class='ocrx_word' id='word_1_72' title='bbox 208 949 240 981; x_wconf 85' lang='lat' dir='ltr'><strong>eo</strong></span> <span class='ocrx_word' id='word_1_73' title='bbox 263 938 383 996; x_wconf 87' lang='lat' dir='ltr'><strong>tempere</strong></span> <span class='ocrx_word' id='word_1_74' title='bbox 408 931 553 995; x_wconf 67' lang='lat' dir='ltr'><strong>collegium</strong></span> <span class='ocrx_word' id='word_1_75' title='bbox 577 933 680 980; x_wconf 86' lang='lat' dir='ltr'><strong>mansit</strong></span> <span class='ocrx_word' id='word_1_76' title='bbox 702 931 818 980; x_wconf 78' lang='lat' dir='ltr'>fratrum</span> <span class='ocrx_word' id='word_1_77' title='bbox 841 931 977 981; x_wconf 88' lang='lat' dir='ltr'><strong>araalium</strong></span> <span class='ocrx_word' id='word_1_78' title='bbox 1004 947 1116 981; x_wconf 85' lang='lat' dir='ltr'><strong>numero</strong></span> <span class='ocrx_word' id='word_1_79' title='bbox 1139 933 1295 992; x_wconf 71' lang='lat' dir='ltr'><strong>‹laedet-im,</strong></span> 
     </span>
     <span class='ocr_line' id='line_1_9' title="bbox 150 998 1296 1062; baseline -0.001 -14"><span class='ocrx_word' id='word_1_80' title='bbox 150 1001 227 1049; x_wconf 86' lang='lat' dir='ltr'><strong>euius</strong></span> <span class='ocrx_word' id='word_1_81' title='bbox 245 1000 393 1049; x_wconf 87' lang='lat' dir='ltr'><strong>saeerdotii</strong></span> <span class='ocrx_word' id='word_1_82' title='bbox 413 1001 520 1062; x_wconf 67' lang='lat' dir='ltr'><strong>insigne</strong></span> <span class='ocrx_word' id='word_1_83' title='bbox 540 1004 582 1047; x_wconf 83' lang='lat' dir='ltr'><strong>est</strong></span> <span class='ocrx_word' id='word_1_84' title='bbox 599 999 694 1062; x_wconf 83' lang='lat' dir='ltr'><strong>spieea</strong></span> <span class='ocrx_word' id='word_1_85' title='bbox 713 1014 812 1047; x_wconf 90' lang='lat' dir='ltr'><strong>eorena</strong></span> <span class='ocrx_word' id='word_1_86' title='bbox 831 1004 860 1047; x_wconf 89' lang='lat' dir='ltr'><strong>et</strong></span> <span class='ocrx_word' id='word_1_87' title='bbox 878 998 960 1048; x_wconf 81' lang='lat' dir='ltr'><strong>albae</strong></span> <span class='ocrx_word' id='word_1_88' title='bbox 974 998 1097 1048; x_wconf 60' lang='lat' dir='ltr'><strong>infulae)</strong></span> <span class='ocrx_word' id='word_1_89' title='bbox 1135 1001 1296 1049; x_wconf 77' lang='lat' dir='ltr'><strong>Macrobius</strong></span> 
     </span>
     <span class='ocr_line' id='line_1_10' title="bbox 149 1066 1297 1132; baseline 0.001 -17"><span class='ocrx_word' id='word_1_90' title='bbox 149 1072 201 1117; x_wconf 89' lang='lat' dir='ltr'><strong>sat.</strong></span> <span class='ocrx_word' id='word_1_91' title='bbox 222 1068 233 1115; x_wconf 94' lang='lat' dir='ltr'><strong>l</strong></span> <span class='ocrx_word' id='word_1_92' title='bbox 255 1067 293 1123; x_wconf 76' lang='lat' dir='ltr'><strong>lo,</strong></span> <span class='ocrx_word' id='word_1_93' title='bbox 315 1066 343 1114; x_wconf 93' lang='lat' dir='ltr'><strong>ll</strong></span> <span class='ocrx_word' id='word_1_94' title='bbox 355 1082 428 1132; x_wconf 79' lang='lat' dir='ltr'><strong>sqq:</strong></span> <span class='ocrx_word' id='word_1_95' title='bbox 451 1068 573 1115; x_wconf 82' lang='lat' dir='ltr'><strong>‘lleeimo</strong></span> <span class='ocrx_word' id='word_1_96' title='bbox 592 1066 733 1114; x_wconf 73' lang='lat' dir='ltr'><strong>Kalendas</strong></span> <span class='ocrx_word' id='word_1_97' title='bbox 751 1066 839 1115; x_wconf 82' lang='lat' dir='ltr'><strong>feriae</strong></span> <span class='ocrx_word' id='word_1_98' title='bbox 857 1074 920 1115; x_wconf 82' lang='lat' dir='ltr'><strong>sirnt</strong></span> <span class='ocrx_word' id='word_1_99' title='bbox 938 1068 1010 1115; x_wconf 89' lang='lat' dir='ltr'><strong>louis</strong></span> <span class='ocrx_word' id='word_1_100' title='bbox 1029 1082 1100 1130; x_wconf 88' lang='lat' dir='ltr'><strong>quae</strong></span> <span class='ocrx_word' id='word_1_101' title='bbox 1118 1067 1297 1131; x_wconf 85' lang='lat' dir='ltr'><strong>appellantur</strong></span> 
     </span>
     <span class='ocr_line' id='line_1_11' title="bbox 151 1133 1296 1198; baseline 0 -15"><span class='ocrx_word' id='word_1_102' title='bbox 151 1134 358 1196; x_wconf 80' lang='lat' dir='ltr'><strong>lmrentinalia,</strong></span> <span class='ocrx_word' id='word_1_103' title='bbox 386 1135 421 1183; x_wconf 87' lang='lat' dir='ltr'><strong>de</strong></span> <span class='ocrx_word' id='word_1_104' title='bbox 445 1134 543 1198; x_wconf 76' lang='lat' dir='ltr'><strong>quinas</strong></span> <span class='ocrx_word' id='word_1_105' title='bbox 567 1135 632 1196; x_wconf 90' lang='lat' dir='ltr'><strong>quia</strong></span> <span class='ocrx_word' id='word_1_106' title='bbox 655 1133 775 1181; x_wconf 82' lang='lat' dir='ltr'><strong>fabulari</strong></span> <span class='ocrx_word' id='word_1_107' title='bbox 798 1133 867 1182; x_wconf 78' lang='lat' dir='ltr'><strong>lima</strong></span> <span class='ocrx_word' id='word_1_108' title='bbox 890 1134 942 1182; x_wconf 86' lang='lat' dir='ltr'><strong>irae</strong></span> <span class='ocrx_word' id='word_1_109' title='bbox 969 1134 1027 1182; x_wconf 81' lang='lat' dir='ltr'><strong>iere</strong></span> <span class='ocrx_word' id='word_1_110' title='bbox 1051 1135 1197 1198; x_wconf 85' lang='lat' dir='ltr'><strong>opiniones</strong></span> <span class='ocrx_word' id='word_1_111' title='bbox 1223 1141 1296 1183; x_wconf 84' lang='lat' dir='ltr'><strong>snut.</strong></span> 
     </span>
     <span class='ocr_line' id='line_1_12' title="bbox 151 1200 1295 1267; baseline 0.001 -17"><span class='ocrx_word' id='word_1_112' title='bbox 151 1202 243 1251; x_wconf 84' lang='lat' dir='ltr'><strong>lerrrnt</strong></span> <span class='ocrx_word' id='word_1_113' title='bbox 262 1204 334 1250; x_wconf 88' lang='lat' dir='ltr'><strong>enim</strong></span> <span class='ocrx_word' id='word_1_114' title='bbox 353 1208 486 1267; x_wconf 72' lang='lat' dir='ltr'><strong>regnante</strong></span> <span class='ocrx_word' id='word_1_115' title='bbox 501 1202 576 1249; x_wconf 73' lang='lat' dir='ltr'><strong>,ineo</strong></span> <span class='ocrx_word' id='word_1_116' title='bbox 594 1201 734 1250; x_wconf 84' lang='lat' dir='ltr'><strong>aedituum</strong></span> <span class='ocrx_word' id='word_1_117' title='bbox 747 1200 875 1249; x_wconf 82' lang='lat' dir='ltr'><strong>llereulis</strong></span> <span class='ocrx_word' id='word_1_118' title='bbox 894 1216 943 1265; x_wconf 88' lang='lat' dir='ltr'><strong>per</strong></span> <span class='ocrx_word' id='word_1_119' title='bbox 962 1202 1047 1250; x_wconf 83' lang='lat' dir='ltr'><strong>t‘erias</strong></span> <span class='ocrx_word' id='word_1_120' title='bbox 1065 1202 1201 1250; x_wconf 86' lang='lat' dir='ltr'><strong>otiantem</strong></span> <span class='ocrx_word' id='word_1_121' title='bbox 1214 1203 1295 1251; x_wconf 88' lang='lat' dir='ltr'><strong>deum</strong></span> 
     </span>
     <span class='ocr_line' id='line_1_13' title="bbox 151 1269 1295 1334; baseline 0.001 -17"><span class='ocrx_word' id='word_1_122' title='bbox 151 1271 264 1318; x_wconf 74' lang='lat' dir='ltr'><strong>tesseris</strong></span> <span class='ocrx_word' id='word_1_123' title='bbox 288 1285 453 1334; x_wconf 81' lang='lat' dir='ltr'><strong>prouoeasse</strong></span> <span class='ocrx_word' id='word_1_124' title='bbox 482 1270 542 1334; x_wconf 83' lang='lat' dir='ltr'><strong>ipse</strong></span> <span class='ocrx_word' id='word_1_125' title='bbox 565 1269 705 1331; x_wconf 85' lang='lat' dir='ltr'><strong>utriusque</strong></span> <span class='ocrx_word' id='word_1_126' title='bbox 729 1283 837 1316; x_wconf 92' lang='lat' dir='ltr'><strong>manum</strong></span> <span class='ocrx_word' id='word_1_127' title='bbox 862 1273 956 1317; x_wconf 83' lang='lat' dir='ltr'><strong>tuente</strong></span> <span class='ocrx_word' id='word_1_128' title='bbox 988 1269 1099 1317; x_wconf 76' lang='lat' dir='ltr'><strong>adiecta</strong></span> <span class='ocrx_word' id='word_1_129' title='bbox 1123 1269 1295 1325; x_wconf 85' lang='lat' dir='ltr'><strong>eonditiene,</strong></span> 
     </span>
     <span class='ocr_line' id='line_1_14' title="bbox 150 1336 1295 1399; baseline -0.001 -12"><span class='ocrx_word' id='word_1_130' title='bbox 150 1344 180 1387; x_wconf 86' lang='lat' dir='ltr'><strong>ut</strong></span> <span class='ocrx_word' id='word_1_131' title='bbox 203 1339 294 1385; x_wconf 84' lang='lat' dir='ltr'><strong>uietus</strong></span> <span class='ocrx_word' id='word_1_132' title='bbox 322 1352 410 1385; x_wconf 58' lang='lat' dir='ltr'><strong>(soteria</strong></span> <span class='ocrx_word' id='word_1_133' title='bbox 438 1342 583 1399; x_wconf 83' lang='lat' dir='ltr'><strong>seertoque</strong></span> <span class='ocrx_word' id='word_1_134' title='bbox 610 1336 781 1384; x_wconf 74' lang='lat' dir='ltr'><strong>multaretur.</strong></span> <span class='ocrx_word' id='word_1_135' title='bbox 822 1336 929 1385; x_wconf 89' lang='lat' dir='ltr'><strong>uietore</strong></span> <span class='ocrx_word' id='word_1_136' title='bbox 953 1338 1046 1399; x_wconf 90' lang='lat' dir='ltr'><strong>itaque</strong></span> <span class='ocrx_word' id='word_1_137' title='bbox 1070 1337 1192 1385; x_wconf 75' lang='lat' dir='ltr'>Hercule</span> <span class='ocrx_word' id='word_1_138' title='bbox 1219 1337 1295 1386; x_wconf 89' lang='lat' dir='ltr'><strong>illam</strong></span> 
     </span>
     <span class='ocr_line' id='line_1_15' title="bbox 149 1403 1295 1474; baseline -0.002 -21"><span class='ocrx_word' id='word_1_139' title='bbox 149 1406 251 1474; x_wconf 68' lang='lat' dir='ltr'><strong>Aquam</strong></span> <span class='ocrx_word' id='word_1_140' title='bbox 272 1405 431 1453; x_wconf 75' lang='lat' dir='ltr'><strong>Larentiam</strong></span> <span class='ocrx_word' id='word_1_141' title='bbox 450 1403 651 1452; x_wconf 86' lang='lat' dir='ltr'><strong>nobilissimum</strong></span> <span class='ocrx_word' id='word_1_142' title='bbox 675 1403 701 1451; x_wconf 94' lang='lat' dir='ltr'><strong>id</strong></span> <span class='ocrx_word' id='word_1_143' title='bbox 720 1403 851 1467; x_wconf 88' lang='lat' dir='ltr'><strong>temporis</strong></span> <span class='ocrx_word' id='word_1_144' title='bbox 869 1412 987 1452; x_wconf 72' lang='lat' dir='ltr'><strong>seratum</strong></span> <span class='ocrx_word' id='word_1_145' title='bbox 1003 1405 1075 1452; x_wconf 92' lang='lat' dir='ltr'><strong>intra</strong></span> <span class='ocrx_word' id='word_1_146' title='bbox 1089 1404 1187 1453; x_wconf 87' lang='lat' dir='ltr'><strong>aedem</strong></span> <span class='ocrx_word' id='word_1_147' title='bbox 1207 1405 1295 1453; x_wconf 83' lang='lat' dir='ltr'><strong>inelrr-</strong></span> 
     </span>
     <span class='ocr_line' id='line_1_16' title="bbox 149 1469 1294 1536; baseline -0.001 -15"><span class='ocrx_word' id='word_1_148' title='bbox 149 1472 219 1521; x_wconf 81' lang='lat' dir='ltr'><strong>sisse</strong></span> <span class='ocrx_word' id='word_1_149' title='bbox 239 1487 298 1521; x_wconf 88' lang='lat' dir='ltr'><strong>eum</strong></span> <span class='ocrx_word' id='word_1_150' title='bbox 319 1488 405 1521; x_wconf 81' lang='lat' dir='ltr'><strong>emma</strong></span> <span class='ocrx_word' id='word_1_151' title='bbox 425 1486 537 1534; x_wconf 89' lang='lat' dir='ltr'><strong>eamque</strong></span> <span class='ocrx_word' id='word_1_152' title='bbox 557 1477 666 1534; x_wconf 85' lang='lat' dir='ltr'><strong>postero</strong></span> <span class='ocrx_word' id='word_1_153' title='bbox 685 1469 729 1519; x_wconf 86' lang='lat' dir='ltr'><strong>die</strong></span> <span class='ocrx_word' id='word_1_154' title='bbox 748 1470 888 1519; x_wconf 70' lang='lat' dir='ltr'><strong>distulisse</strong></span> <span class='ocrx_word' id='word_1_155' title='bbox 903 1486 1043 1532; x_wconf 83' lang='lat' dir='ltr'><strong>rumorem,</strong></span> <span class='ocrx_word' id='word_1_156' title='bbox 1063 1470 1135 1534; x_wconf 88' lang='lat' dir='ltr'><strong>qued</strong></span> <span class='ocrx_word' id='word_1_157' title='bbox 1149 1478 1212 1536; x_wconf 87' lang='lat' dir='ltr'><strong>past</strong></span> <span class='ocrx_word' id='word_1_158' title='bbox 1232 1488 1294 1521; x_wconf 89' lang='lat' dir='ltr'><strong>eeu·</strong></span> 
     </span>
     <span class='ocr_line' id='line_1_17' title="bbox 151 1536 1294 1603; baseline 0 -16"><span class='ocrx_word' id='word_1_159' title='bbox 151 1540 271 1588; x_wconf 80' lang='lat' dir='ltr'><strong>cirbitum</strong></span> <span class='ocrx_word' id='word_1_160' title='bbox 296 1539 339 1587; x_wconf 91' lang='lat' dir='ltr'><strong>del</strong></span> <span class='ocrx_word' id='word_1_161' title='bbox 366 1539 523 1602; x_wconf 84' lang='lat' dir='ltr'><strong>aeeepisset</strong></span> <span class='ocrx_word' id='word_1_162' title='bbox 541 1552 650 1597; x_wconf 71' lang='lat' dir='ltr'><strong>aternus,</strong></span> <span class='ocrx_word' id='word_1_163' title='bbox 676 1554 710 1586; x_wconf 89' lang='lat' dir='ltr'><strong>ne.</strong></span> <span class='ocrx_word' id='word_1_164' title='bbox 729 1536 898 1587; x_wconf 89' lang='lat' dir='ltr'><strong>eornmodum</strong></span> <span class='ocrx_word' id='word_1_165' title='bbox 922 1539 1027 1603; x_wconf 84' lang='lat' dir='ltr'><strong>prirnao</strong></span> <span class='ocrx_word' id='word_1_166' title='bbox 1050 1539 1210 1587; x_wconf 77' lang='lat' dir='ltr'><strong>oeeasirrnis</strong></span> <span class='ocrx_word' id='word_1_167' title='bbox 1233 1555 1294 1587; x_wconf 89' lang='lat' dir='ltr'><strong>eum</strong></span> 
     </span>
     <span class='ocr_line' id='line_1_18' title="bbox 150 1604 1295 1670; baseline 0.001 -16"><span class='ocrx_word' id='word_1_168' title='bbox 150 1624 179 1655; x_wconf 88' lang='lat' dir='ltr'><strong>se</strong></span> <span class='ocrx_word' id='word_1_169' title='bbox 193 1608 299 1656; x_wconf 88' lang='lat' dir='ltr'><strong>demum</strong></span> <span class='ocrx_word' id='word_1_170' title='bbox 319 1608 456 1670; x_wconf 83' lang='lat' dir='ltr'><strong>reciperet</strong></span> <span class='ocrx_word' id='word_1_171' title='bbox 468 1604 625 1655; x_wconf 86' lang='lat' dir='ltr'><strong>etlerendae</strong></span> <span class='ocrx_word' id='word_1_172' title='bbox 639 1611 842 1669; x_wconf 74' lang='lat' dir='ltr'><strong>aspernaretur.</strong></span> <span class='ocrx_word' id='word_1_173' title='bbox 871 1608 996 1655; x_wconf 80' lang='lat' dir='ltr'><strong>euenisse</strong></span> <span class='ocrx_word' id='word_1_174' title='bbox 1011 1606 1118 1670; x_wconf 85' lang='lat' dir='ltr'><strong>itaque.</strong></span> <span class='ocrx_word' id='word_1_175' title='bbox 1136 1613 1168 1655; x_wconf 91' lang='lat' dir='ltr'><strong>ut</strong></span> <span class='ocrx_word' id='word_1_176' title='bbox 1180 1622 1295 1669; x_wconf 72' lang='lat' dir='ltr'><strong>‹¹gressa</strong></span> 
     </span>
     <span class='ocr_line' id='line_1_19' title="bbox 149 1672 1293 1738; baseline 0 -15"><span class='ocrx_word' id='word_1_177' title='bbox 149 1675 252 1738; x_wconf 84' lang='lat' dir='ltr'><strong>templo</strong></span> <span class='ocrx_word' id='word_1_178' title='bbox 271 1690 331 1723; x_wconf 81' lang='lat' dir='ltr'><strong>mox</strong></span> <span class='ocrx_word' id='word_1_179' title='bbox 345 1689 362 1723; x_wconf 92' lang='lat' dir='ltr'><strong>a</strong></span> <span class='ocrx_word' id='word_1_180' title='bbox 375 1674 490 1723; x_wconf 87' lang='lat' dir='ltr'><strong>Tarutie</strong></span> <span class='ocrx_word' id='word_1_181' title='bbox 510 1678 591 1736; x_wconf 89' lang='lat' dir='ltr'><strong>eapte</strong></span> <span class='ocrx_word' id='word_1_182' title='bbox 611 1672 670 1721; x_wconf 86' lang='lat' dir='ltr'><strong>eins</strong></span> <span class='ocrx_word' id='word_1_183' title='bbox 687 1672 892 1736; x_wconf 77' lang='lat' dir='ltr'><strong>pulchritudine</strong></span> <span class='ocrx_word' id='word_1_184' title='bbox 911 1672 1129 1736; x_wconf 77' lang='lat' dir='ltr'><strong>conpellareturr</strong></span> <span class='ocrx_word' id='word_1_185' title='bbox 1149 1675 1230 1723; x_wconf 66' lang='lat' dir='ltr'><strong>(euius</strong></span> <span class='ocrx_word' id='word_1_186' title='bbox 1247 1689 1293 1723; x_wconf 91' lang='lat' dir='ltr'><strong>uo-</strong></span> 
     </span>
     <span class='ocr_line' id='line_1_20' title="bbox 149 1740 1294 1804; baseline 0 -15"><span class='ocrx_word' id='word_1_187' title='bbox 149 1741 283 1791; x_wconf 88' lang='lat' dir='ltr'><strong>luntatem</strong></span> <span class='ocrx_word' id='word_1_188' title='bbox 301 1746 399 1789; x_wconf 86' lang='lat' dir='ltr'><strong>seeuta</strong></span> <span class='ocrx_word' id='word_1_189' title='bbox 417 1741 614 1803; x_wconf 68' lang='lat' dir='ltr'><strong>adsumptaque</strong></span> <span class='ocrx_word' id='word_1_190' title='bbox 633 1740 736 1804; x_wconf 80' lang='lat' dir='ltr'><strong>nuptiis</strong></span> <span class='ocrx_word' id='word_1_191' title='bbox 754 1746 815 1803; x_wconf 81' lang='lat' dir='ltr'><strong>post</strong></span> <span class='ocrx_word' id='word_1_192' title='bbox 832 1740 934 1789; x_wconf 89' lang='lat' dir='ltr'><strong>obitum</strong></span> <span class='ocrx_word' id='word_1_193' title='bbox 953 1742 1006 1789; x_wconf 85' lang='lat' dir='ltr'><strong>uiri</strong></span> <span class='ocrx_word' id='word_1_194' title='bbox 1022 1741 1143 1791; x_wconf 79' lang='lat' dir='ltr'><strong>erardum</strong></span> <span class='ocrx_word' id='word_1_195' title='bbox 1161 1741 1294 1791; x_wconf 87' lang='lat' dir='ltr'><strong>bonorum</strong></span> 
     </span>
     <span class='ocr_line' id='line_1_21' title="bbox 151 1806 1293 1872; baseline 0.001 -15"><span class='ocrx_word' id='word_1_196' title='bbox 151 1809 210 1857; x_wconf 84' lang='lat' dir='ltr'><strong>eius</strong></span> <span class='ocrx_word' id='word_1_197' title='bbox 229 1809 305 1857; x_wconf 81' lang='lat' dir='ltr'><strong>saeta</strong></span> <span class='ocrx_word' id='word_1_198' title='bbox 324 1823 443 1871; x_wconf 69' lang='lat' dir='ltr'><strong>conquas,</strong></span> <span class='ocrx_word' id='word_1_199' title='bbox 464 1822 524 1855; x_wconf 87' lang='lat' dir='ltr'><strong>eum</strong></span> <span class='ocrx_word' id='word_1_200' title='bbox 543 1806 705 1867; x_wconf 76' lang='lat' dir='ltr'><strong>decederet,</strong></span> <span class='ocrx_word' id='word_1_201' title='bbox 730 1807 857 1872; x_wconf 87' lang='lat' dir='ltr'><strong>populum</strong></span> <span class='ocrx_word' id='word_1_202' title='bbox 878 1807 1027 1857; x_wconf 79' lang='lat' dir='ltr'><strong>llornaaum</strong></span> <span class='ocrx_word' id='word_1_203' title='bbox 1051 1809 1224 1872; x_wconf 81' lang='lat' dir='ltr'><strong>uuueupauit</strong></span> <span class='ocrx_word' id='word_1_204' title='bbox 1246 1808 1293 1858; x_wconf 81' lang='lat' dir='ltr'><strong>lie-</strong></span> 
     </span>
     <span class='ocr_line' id='line_1_22' title="bbox 150 1873 1294 1940; baseline 0.001 -16"><span class='ocrx_word' id='word_1_205' title='bbox 150 1876 250 1924; x_wconf 88' lang='lat' dir='ltr'><strong>redom.</strong></span> <span class='ocrx_word' id='word_1_206' title='bbox 288 1881 314 1924; x_wconf 92' lang='lat' dir='ltr'><strong>et</strong></span> <span class='ocrx_word' id='word_1_207' title='bbox 334 1874 396 1923; x_wconf 89' lang='lat' dir='ltr'><strong>ideo</strong></span> <span class='ocrx_word' id='word_1_208' title='bbox 417 1874 450 1923; x_wconf 80' lang='lat' dir='ltr'><strong>alr</strong></span> <span class='ocrx_word' id='word_1_209' title='bbox 468 1876 544 1923; x_wconf 77' lang='lat' dir='ltr'><strong>Anco</strong></span> <span class='ocrx_word' id='word_1_210' title='bbox 563 1874 591 1922; x_wconf 88' lang='lat' dir='ltr'><strong>in</strong></span> <span class='ocrx_word' id='word_1_211' title='bbox 604 1873 723 1921; x_wconf 75' lang='lat' dir='ltr'><strong>Velabra</strong></span> <span class='ocrx_word' id='word_1_212' title='bbox 742 1873 803 1923; x_wconf 89' lang='lat' dir='ltr'><strong>loeo</strong></span> <span class='ocrx_word' id='word_1_213' title='bbox 821 1874 1000 1925; x_wconf 81' lang='lat' dir='ltr'><strong>celeberrimo</strong></span> <span class='ocrx_word' id='word_1_214' title='bbox 1018 1875 1094 1924; x_wconf 81' lang='lat' dir='ltr'><strong>urbis</strong></span> <span class='ocrx_word' id='word_1_215' title='bbox 1111 1876 1224 1940; x_wconf 78' lang='lat' dir='ltr'><strong>sepulta</strong></span> <span class='ocrx_word' id='word_1_216' title='bbox 1243 1883 1294 1925; x_wconf 80' lang='lat' dir='ltr'><strong>est.</strong></span> 
     </span>
     <span class='ocr_line' id='line_1_23' title="bbox 150 1940 1294 2008; baseline 0.001 -17"><span class='ocrx_word' id='word_1_217' title='bbox 150 1958 183 1991; x_wconf 86' lang='lat' dir='ltr'><strong>ae</strong></span> <span class='ocrx_word' id='word_1_218' title='bbox 202 1941 331 1991; x_wconf 83' lang='lat' dir='ltr'><strong>sollemne</strong></span> <span class='ocrx_word' id='word_1_219' title='bbox 350 1940 516 1991; x_wconf 82' lang='lat' dir='ltr'><strong>saerilieium</strong></span> <span class='ocrx_word' id='word_1_220' title='bbox 540 1940 628 1990; x_wconf 85' lang='lat' dir='ltr'><strong>eidem</strong></span> <span class='ocrx_word' id='word_1_221' title='bbox 653 1942 846 2003; x_wconf 77' lang='lat' dir='ltr'><strong>constitutum,</strong></span> <span class='ocrx_word' id='word_1_222' title='bbox 871 1958 924 2007; x_wconf 90' lang='lat' dir='ltr'><strong>quo</strong></span> <span class='ocrx_word' id='word_1_223' title='bbox 946 1942 989 1993; x_wconf 77' lang='lat' dir='ltr'><strong>dis</strong></span> <span class='ocrx_word' id='word_1_224' title='bbox 1006 1942 1138 1993; x_wconf 78' lang='lat' dir='ltr'><strong>Manibus</strong></span> <span class='ocrx_word' id='word_1_225' title='bbox 1161 1944 1223 1992; x_wconf 80' lang='lat' dir='ltr'><strong>eius</strong></span> <span class='ocrx_word' id='word_1_226' title='bbox 1247 1960 1294 2008; x_wconf 89' lang='lat' dir='ltr'><strong>per</strong></span> 
     </span>
     <span class='ocr_line' id='line_1_24' title="bbox 150 2007 1295 2074; baseline 0.003 -16"><span class='ocrx_word' id='word_1_227' title='bbox 150 2010 286 2058; x_wconf 82' lang='lat' dir='ltr'><strong>flaminem</strong></span> <span class='ocrx_word' id='word_1_228' title='bbox 306 2009 510 2059; x_wconf 73' lang='lat' dir='ltr'><strong>sacrifiearetur</strong></span> <span class='ocrx_word' id='word_1_229' title='bbox 529 2007 642 2072; x_wconf 85' lang='lat' dir='ltr'><strong>leuique</strong></span> <span class='ocrx_word' id='word_1_230' title='bbox 661 2009 750 2057; x_wconf 83' lang='lat' dir='ltr'><strong>leriae</strong></span> <span class='ocrx_word' id='word_1_231' title='bbox 770 2015 964 2069; x_wconf 83' lang='lat' dir='ltr'><strong>eerrseeratae,</strong></span> <span class='ocrx_word' id='word_1_232' title='bbox 982 2010 1053 2074; x_wconf 85' lang='lat' dir='ltr'><strong>qaod</strong></span> <span class='ocrx_word' id='word_1_233' title='bbox 1072 2012 1295 2061; x_wconf 81' lang='lat' dir='ltr'><strong>aestimaueruat</strong></span> 
     </span>
     <span class='ocr_line' id='line_1_25' title="bbox 150 2075 1295 2141; baseline 0.002 -16"><span class='ocrx_word' id='word_1_234' title='bbox 150 2077 256 2141; x_wconf 86' lang='lat' dir='ltr'><strong>antiqui</strong></span> <span class='ocrx_word' id='word_1_235' title='bbox 276 2076 381 2125; x_wconf 87' lang='lat' dir='ltr'><strong>animas</strong></span> <span class='ocrx_word' id='word_1_236' title='bbox 400 2092 417 2125; x_wconf 85' lang='lat' dir='ltr'><strong>a</strong></span> <span class='ocrx_word' id='word_1_237' title='bbox 434 2075 501 2125; x_wconf 89' lang='lat' dir='ltr'><strong>lone</strong></span> <span class='ocrx_word' id='word_1_238' title='bbox 519 2076 580 2125; x_wconf 89' lang='lat' dir='ltr'><strong>dari</strong></span> <span class='ocrx_word' id='word_1_239' title='bbox 597 2083 625 2125; x_wconf 85' lang='lat' dir='ltr'><strong>et</strong></span> <span class='ocrx_word' id='word_1_240' title='bbox 644 2091 736 2125; x_wconf 81' lang='lat' dir='ltr'><strong>rursus</strong></span> <span class='ocrx_word' id='word_1_241' title='bbox 753 2084 815 2140; x_wconf 76' lang='lat' dir='ltr'><strong>pout</strong></span> <span class='ocrx_word' id='word_1_242' title='bbox 828 2084 942 2127; x_wconf 85' lang='lat' dir='ltr'><strong>mertem</strong></span> <span class='ocrx_word' id='word_1_243' title='bbox 955 2077 1043 2127; x_wconf 86' lang='lat' dir='ltr'><strong>eidem</strong></span> <span class='ocrx_word' id='word_1_244' title='bbox 1057 2078 1145 2127; x_wconf 84' lang='lat' dir='ltr'><strong>reddi.</strong></span> <span class='ocrx_word' id='word_1_245' title='bbox 1169 2076 1241 2127; x_wconf 79' lang='lat' dir='ltr'><strong>Cute</strong></span> <span class='ocrx_word' id='word_1_246' title='bbox 1254 2080 1295 2129; x_wconf 86' lang='lat' dir='ltr'><strong>ait</strong></span> 
     </span>
     <span class='ocr_line' id='line_1_26' title="bbox 149 2142 1295 2211; baseline 0.003 -19"><span class='ocrx_word' id='word_1_247' title='bbox 149 2144 309 2193; x_wconf 84' lang='lat' dir='ltr'><strong>Larentiam</strong></span> <span class='ocrx_word' id='word_1_248' title='bbox 329 2143 486 2192; x_wconf 76' lang='lat' dir='ltr'><strong>meretricio</strong></span> <span class='ocrx_word' id='word_1_249' title='bbox 505 2148 622 2207; x_wconf 87' lang='lat' dir='ltr'><strong>quaestu</strong></span> <span class='ocrx_word' id='word_1_250' title='bbox 639 2142 836 2208; x_wconf 77' lang='lat' dir='ltr'><strong>locupletatam</strong></span> <span class='ocrx_word' id='word_1_251' title='bbox 856 2151 918 2209; x_wconf 86' lang='lat' dir='ltr'><strong>pest</strong></span> <span class='ocrx_word' id='word_1_252' title='bbox 935 2160 1077 2194; x_wconf 81' lang='lat' dir='ltr'><strong>excessum</strong></span> <span class='ocrx_word' id='word_1_253' title='bbox 1095 2159 1175 2195; x_wconf 84' lang='lat' dir='ltr'><strong>sumu</strong></span> <span class='ocrx_word' id='word_1_254' title='bbox 1193 2147 1295 2211; x_wconf 87' lang='lat' dir='ltr'><strong>populo</strong></span> 
     </span>
     <span class='ocr_line' id='line_1_27' title="bbox 149 2210 1296 2277; baseline 0.002 -16"><span class='ocrx_word' id='word_1_255' title='bbox 149 2212 272 2261; x_wconf 86' lang='lat' dir='ltr'><strong>Romano</strong></span> <span class='ocrx_word' id='word_1_256' title='bbox 297 2226 379 2273; x_wconf 73' lang='lat' dir='ltr'><strong>agros</strong></span> <span class='ocrx_word' id='word_1_257' title='bbox 397 2211 532 2261; x_wconf 72' lang='lat' dir='ltr'><strong>&#39;iurarem</strong></span> <span class='ocrx_word' id='word_1_258' title='bbox 551 2211 702 2259; x_wconf 79' lang='lat' dir='ltr'><strong>Senrurium</strong></span> <span class='ocrx_word' id='word_1_259' title='bbox 721 2211 868 2261; x_wconf 84' lang='lat' dir='ltr'><strong>Lintiriurn</strong></span> <span class='ocrx_word' id='word_1_260' title='bbox 893 2221 921 2261; x_wconf 89' lang='lat' dir='ltr'><strong>et</strong></span> <span class='ocrx_word' id='word_1_261' title='bbox 939 2210 1071 2261; x_wconf 87' lang='lat' dir='ltr'><strong>Soliuimn</strong></span> <span class='ocrx_word' id='word_1_262' title='bbox 1091 2212 1239 2277; x_wconf 69' lang='lat' dir='ltr'><strong>reliquisse</strong></span> <span class='ocrx_word' id='word_1_263' title='bbox 1267 2220 1296 2263; x_wconf 81' lang='lat' dir='ltr'><strong>et</strong></span> 
     </span>
     <span class='ocr_line' id='line_1_28' title="bbox 150 2276 1294 2345; baseline 0.001 -17"><span class='ocrx_word' id='word_1_264' title='bbox 150 2278 211 2328; x_wconf 87' lang='lat' dir='ltr'><strong>ideo</strong></span> <span class='ocrx_word' id='word_1_265' title='bbox 230 2296 259 2327; x_wconf 87' lang='lat' dir='ltr'><strong>se</strong></span> <span class='ocrx_word' id='word_1_266' title='bbox 281 2278 369 2328; x_wconf 87' lang='lat' dir='ltr'><strong>ulelrri</strong></span> <span class='ocrx_word' id='word_1_267' title='bbox 388 2276 596 2344; x_wconf 81' lang='lat' dir='ltr'><strong>magnificentia</strong></span> <span class='ocrx_word' id='word_1_268' title='bbox 619 2284 647 2327; x_wconf 89' lang='lat' dir='ltr'><strong>et</strong></span> <span class='ocrx_word' id='word_1_269' title='bbox 670 2292 779 2328; x_wconf 78' lang='lat' dir='ltr'><strong>annuae</strong></span> <span class='ocrx_word' id='word_1_270' title='bbox 797 2280 1001 2344; x_wconf 76' lang='lat' dir='ltr'><strong>parentationis</strong></span> <span class='ocrx_word' id='word_1_271' title='bbox 1017 2279 1120 2329; x_wconf 81' lang='lat' dir='ltr'><strong>horrore</strong></span> <span class='ocrx_word' id='word_1_272' title='bbox 1139 2280 1294 2345; x_wconf 70' lang='lat' dir='ltr'><strong>(lignatum.</strong></span> 
     </span>
     <span class='ocr_line' id='line_1_29' title="bbox 148 2296 1295 2411; baseline 0.003 -15"><span class='ocrx_word' id='word_1_273' title='bbox 148 2347 246 2396; x_wconf 80' lang='lat' dir='ltr'><strong>Macer</strong></span> <span class='ocrx_word' id='word_1_274' title='bbox 262 2296 443 2395; x_wconf 64' lang='lat' dir='ltr'><strong>insertarum</strong></span> <span class='ocrx_word' id='word_1_275' title='bbox 471 2346 542 2396; x_wconf 85' lang='lat' dir='ltr'><strong>libro</strong></span> <span class='ocrx_word' id='word_1_276' title='bbox 569 2349 656 2411; x_wconf 85' lang='lat' dir='ltr'><strong>primo</strong></span> <span class='ocrx_word' id='word_1_277' title='bbox 679 2346 806 2395; x_wconf 82' lang='lat' dir='ltr'><strong>Faustuli</strong></span> <span class='ocrx_word' id='word_1_278' title='bbox 833 2347 977 2410; x_wconf 74' lang='lat' dir='ltr'><strong>carlingam</strong></span> <span class='ocrx_word' id='word_1_279' title='bbox 1000 2348 1104 2397; x_wconf 74' lang='lat' dir='ltr'><strong>doram</strong></span> <span class='ocrx_word' id='word_1_280' title='bbox 1128 2348 1295 2399; x_wconf 87' lang='lat' dir='ltr'><strong>Larentiam</strong></span> 
     </span>
     <span class='ocr_line' id='line_1_30' title="bbox 149 2412 1296 2479; baseline 0.002 -16"><span class='ocrx_word' id='word_1_281' title='bbox 149 2414 257 2465; x_wconf 81' lang='lat' dir='ltr'><strong>Romuli</strong></span> <span class='ocrx_word' id='word_1_282' title='bbox 281 2421 308 2463; x_wconf 89' lang='lat' dir='ltr'><strong>et</strong></span> <span class='ocrx_word' id='word_1_283' title='bbox 326 2415 403 2465; x_wconf 74' lang='lat' dir='ltr'><strong>lierni</strong></span> <span class='ocrx_word' id='word_1_284' title='bbox 423 2414 509 2464; x_wconf 82' lang='lat' dir='ltr'><strong>luisse</strong></span> <span class='ocrx_word' id='word_1_285' title='bbox 527 2414 662 2462; x_wconf 76' lang='lat' dir='ltr'><strong>muricem</strong></span> <span class='ocrx_word' id='word_1_286' title='bbox 681 2413 833 2463; x_wconf 79' lang='lat' dir='ltr'><strong>coufirmat.</strong></span> <span class='ocrx_word' id='word_1_287' title='bbox 867 2412 940 2465; x_wconf 79' lang='lat' dir='ltr'><strong>harre</strong></span> <span class='ocrx_word' id='word_1_288' title='bbox 959 2420 1092 2479; x_wconf 75' lang='lat' dir='ltr'><strong>regnante</strong></span> <span class='ocrx_word' id='word_1_289' title='bbox 1113 2416 1229 2466; x_wconf 82' lang='lat' dir='ltr'><strong>ltemalo</strong></span> <span class='ocrx_word' id='word_1_290' title='bbox 1242 2416 1296 2465; x_wconf 78' lang='lat' dir='ltr'><strong>&#39;la—</strong></span> 
     </span>
     <span class='ocr_line' id='line_1_31' title="bbox 149 2480 1295 2548; baseline 0.003 -18"><span class='ocrx_word' id='word_1_291' title='bbox 149 2483 221 2531; x_wconf 87' lang='lat' dir='ltr'><strong>rutio</strong></span> <span class='ocrx_word' id='word_1_292' title='bbox 245 2482 354 2530; x_wconf 84' lang='lat' dir='ltr'><strong>cuidam</strong></span> <span class='ocrx_word' id='word_1_293' title='bbox 372 2481 463 2531; x_wconf 83' lang='lat' dir='ltr'><strong>&#39;lrrseo</strong></span> <span class='ocrx_word' id='word_1_294' title='bbox 486 2481 567 2531; x_wconf 89' lang='lat' dir='ltr'><strong>diuiti</strong></span> <span class='ocrx_word' id='word_1_295' title='bbox 589 2480 737 2545; x_wconf 85' lang='lat' dir='ltr'><strong>denuptam</strong></span> <span class='ocrx_word' id='word_1_296' title='bbox 761 2488 924 2547; x_wconf 82' lang='lat' dir='ltr'><strong>suetamque</strong></span> <span class='ocrx_word' id='word_1_297' title='bbox 943 2481 1098 2531; x_wconf 84' lang='lat' dir='ltr'><strong>hereditate</strong></span> <span class='ocrx_word' id='word_1_298' title='bbox 1117 2484 1183 2532; x_wconf 89' lang='lat' dir='ltr'><strong>uiri:</strong></span> <span class='ocrx_word' id='word_1_299' title='bbox 1213 2486 1295 2548; x_wconf 87' lang='lat' dir='ltr'><strong>quam</strong></span> 
     </span>
     <span class='ocr_line' id='line_1_32' title="bbox 150 2548 1294 2616; baseline 0.001 -18"><span class='ocrx_word' id='word_1_300' title='bbox 150 2555 212 2614; x_wconf 82' lang='lat' dir='ltr'><strong>pest</strong></span> <span class='ocrx_word' id='word_1_301' title='bbox 235 2549 349 2599; x_wconf 84' lang='lat' dir='ltr'><strong>Romulo</strong></span> <span class='ocrx_word' id='word_1_302' title='bbox 373 2565 453 2613; x_wconf 90' lang='lat' dir='ltr'><strong>quem</strong></span> <span class='ocrx_word' id='word_1_303' title='bbox 475 2550 623 2598; x_wconf 85' lang='lat' dir='ltr'><strong>edueasset</strong></span> <span class='ocrx_word' id='word_1_304' title='bbox 645 2548 774 2612; x_wconf 85' lang='lat' dir='ltr'><strong>reliquit,</strong></span> <span class='ocrx_word' id='word_1_305' title='bbox 805 2555 833 2599; x_wconf 89' lang='lat' dir='ltr'><strong>et·</strong></span> <span class='ocrx_word' id='word_1_306' title='bbox 862 2550 897 2597; x_wconf 87' lang='lat' dir='ltr'><strong>ab</strong></span> <span class='ocrx_word' id='word_1_307' title='bbox 922 2566 955 2598; x_wconf 86' lang='lat' dir='ltr'><strong>eo</strong></span> <span class='ocrx_word' id='word_1_308' title='bbox 983 2550 1140 2614; x_wconf 87' lang='lat' dir='ltr'><strong>parentalia</strong></span> <span class='ocrx_word' id='word_1_309' title='bbox 1165 2551 1294 2616; x_wconf 85' lang='lat' dir='ltr'><strong>diemque</strong></span> 
     </span>
     <span class='ocr_line' id='line_1_33' title="bbox 151 2614 1293 2682; baseline 0 -15"><span class='ocrx_word' id='word_1_310' title='bbox 151 2620 250 2667; x_wconf 78' lang='lat' dir='ltr'><strong>lest-uin</strong></span> <span class='ocrx_word' id='word_1_311' title='bbox 271 2633 355 2665; x_wconf 89' lang='lat' dir='ltr'><strong>eausa</strong></span> <span class='ocrx_word' id='word_1_312' title='bbox 374 2618 487 2682; x_wconf 84' lang='lat' dir='ltr'><strong>pietatis</strong></span> <span class='ocrx_word' id='word_1_313' title='bbox 506 2614 658 2666; x_wconf 84' lang='lat' dir='ltr'><strong>statatum&#39;</strong></span> <span class='ocrx_word' id='word_1_314' title='bbox 694 2616 730 2665; x_wconf 83' lang='lat' dir='ltr'><strong>es.</strong></span> <span class='ocrx_word' id='word_1_315' title='bbox 746 2616 909 2674; x_wconf 83' lang='lat' dir='ltr'><strong>l&#39;lutarelrus</strong></span> <span class='ocrx_word' id='word_1_316' title='bbox 923 2618 998 2666; x_wconf 80' lang='lat' dir='ltr'><strong>llam.</strong></span> <span class='ocrx_word' id='word_1_317' title='bbox 1015 2619 1040 2666; x_wconf 89' lang='lat' dir='ltr'><strong>·l.</strong></span> <span class='ocrx_word' id='word_1_318' title='bbox 1058 2618 1196 2681; x_wconf 69' lang='lat' dir='ltr'><strong>iiquaest</strong></span> <span class='ocrx_word' id='word_1_319' title='bbox 1217 2620 1293 2669; x_wconf 72' lang='lat' dir='ltr'><strong>liora,</strong></span> 
     </span>
     <span class='ocr_line' id='line_1_34' title="bbox 150 2683 1293 2747; baseline 0.002 -16"><span class='ocrx_word' id='word_1_320' title='bbox 150 2686 183 2731; x_wconf 74' lang='lat' dir='ltr'><strong>:ta</strong></span> <span class='ocrx_word' id='word_1_321' title='bbox 201 2684 388 2733; x_wconf 79' lang='lat' dir='ltr'><strong>Tertullianus</strong></span> <span class='ocrx_word' id='word_1_322' title='bbox 413 2685 447 2732; x_wconf 94' lang='lat' dir='ltr'><strong>ad</strong></span> <span class='ocrx_word' id='word_1_323' title='bbox 466 2691 522 2732; x_wconf 90' lang='lat' dir='ltr'><strong>nat.</strong></span> <span class='ocrx_word' id='word_1_324' title='bbox 547 2684 574 2733; x_wconf 89' lang='lat' dir='ltr'><strong>ll</strong></span> <span class='ocrx_word' id='word_1_325' title='bbox 596 2683 625 2731; x_wconf 88' lang='lat'><strong>10</strong></span> <span class='ocrx_word' id='word_1_326' title='bbox 643 2684 811 2747; x_wconf 80' lang='lat' dir='ltr'><strong>Augustinus</strong></span> <span class='ocrx_word' id='word_1_327' title='bbox 830 2686 861 2731; x_wconf 69' lang='lat'><strong>(3,</strong></span> <span class='ocrx_word' id='word_1_328' title='bbox 882 2687 913 2733; x_wconf 86' lang='lat' dir='ltr'><strong>l).</strong></span> <span class='ocrx_word' id='word_1_329' title='bbox 934 2686 970 2732; x_wconf 85' lang='lat' dir='ltr'><strong>l&#39;l</strong></span> <span class='ocrx_word' id='word_1_330' title='bbox 989 2686 1013 2732; x_wconf 77' lang='lat'><strong>7.</strong></span> <span class='ocrx_word' id='word_1_331' title='bbox 1034 2713 1065 2722; x_wconf 88' lang='lat'>-</span> <span class='ocrx_word' id='word_1_332' title='bbox 1102 2685 1194 2735; x_wconf 74' lang='lat' dir='ltr'><strong>Seirai.</strong></span> <span class='ocrx_word' id='word_1_333' title='bbox 1216 2687 1293 2735; x_wconf 87' lang='lat' dir='ltr'><strong>lure-</strong></span> 
     </span>
     <span class='ocr_line' id='line_1_35' title="bbox 151 2749 1294 2815; baseline 0.001 -14"><span class='ocrx_word' id='word_1_334' title='bbox 151 2753 205 2801; x_wconf 90' lang='lat' dir='ltr'><strong>nal.</strong></span> <span class='ocrx_word' id='word_1_335' title='bbox 226 2752 260 2799; x_wconf 83' lang='lat' dir='ltr'><strong>l&#39;l</strong></span> <span class='ocrx_word' id='word_1_336' title='bbox 281 2751 344 2798; x_wconf 67' lang='lat' dir='ltr'><strong>retr:</strong></span> <span class='ocrx_word' id='word_1_337' title='bbox 368 2750 448 2800; x_wconf 76' lang='lat' dir='ltr'><strong>‘luae</strong></span> <span class='ocrx_word' id='word_1_338' title='bbox 471 2752 524 2800; x_wconf 85' lang='lat' dir='ltr'><strong>nisi</strong></span> <span class='ocrx_word' id='word_1_339' title='bbox 548 2752 572 2799; x_wconf 86' lang='lat' dir='ltr'><strong>si</strong></span> <span class='ocrx_word' id='word_1_340' title='bbox 596 2751 659 2814; x_wconf 88' lang='lat' dir='ltr'><strong>quid</strong></span> <span class='ocrx_word' id='word_1_341' title='bbox 685 2751 711 2798; x_wconf 88' lang='lat' dir='ltr'><strong>iu</strong></span> <span class='ocrx_word' id='word_1_342' title='bbox 737 2749 902 2814; x_wconf 75' lang='lat' dir='ltr'><strong>illal&#39;‘tulra</strong></span> <span class='ocrx_word' id='word_1_343' title='bbox 927 2768 980 2815; x_wconf 92' lang='lat' dir='ltr'><strong>qua</strong></span> <span class='ocrx_word' id='word_1_344' title='bbox 1005 2753 1214 2802; x_wconf 77' lang='lat' dir='ltr'><strong>carnunti-untur</strong></span> <span class='ocrx_word' id='word_1_345' title='bbox 1239 2754 1294 2802; x_wconf 90' lang='lat' dir='ltr'><strong>ludi</strong></span> 
     </span>
     <span class='ocr_line' id='line_1_36' title="bbox 151 2818 1292 2882; baseline 0.001 -14"><span class='ocrx_word' id='word_1_346' title='bbox 151 2819 288 2876; x_wconf 74' lang='lat' dir='ltr'><strong>lineales,</strong></span> <span class='ocrx_word' id='word_1_347' title='bbox 314 2819 340 2865; x_wconf 95' lang='lat' dir='ltr'><strong>in</strong></span> <span class='ocrx_word' id='word_1_348' title='bbox 366 2818 465 2881; x_wconf 72' lang='lat' dir='ltr'><strong>quilius</strong></span> <span class='ocrx_word' id='word_1_349' title='bbox 484 2820 643 2866; x_wconf 81' lang='lat' dir='ltr'><strong>irreretriees</strong></span> <span class='ocrx_word' id='word_1_350' title='bbox 667 2819 777 2866; x_wconf 85' lang='lat' dir='ltr'><strong>ruulutis</strong></span> <span class='ocrx_word' id='word_1_351' title='bbox 797 2820 956 2881; x_wconf 70' lang='lat' dir='ltr'><strong>earperilms¹</strong></span> <span class='ocrx_word' id='word_1_352' title='bbox 978 2836 1026 2882; x_wconf 88' lang='lat' dir='ltr'><strong>per</strong></span> <span class='ocrx_word' id='word_1_353' title='bbox 1046 2821 1139 2867; x_wconf 83' lang='lat' dir='ltr'><strong>uarius</strong></span> <span class='ocrx_word' id='word_1_354' title='bbox 1160 2830 1236 2869; x_wconf 85' lang='lat' dir='ltr'><strong>artes</strong></span> <span class='ocrx_word' id='word_1_355' title='bbox 1256 2823 1292 2870; x_wconf 92' lang='lat' dir='ltr'><strong>la-</strong></span> 
     </span>
     <span class='ocr_line' id='line_1_37' title="bbox 150 2886 1282 2938; baseline 0.005 -7"><span class='ocrx_word' id='word_1_356' title='bbox 150 2886 230 2934; x_wconf 90' lang='lat' dir='ltr'><strong>dendi</strong></span> <span class='ocrx_word' id='word_1_357' title='bbox 250 2886 414 2934; x_wconf 76' lang='lat' dir='ltr'><strong>‹liseurrunt</strong></span> <span class='ocrx_word' id='word_1_358' title='bbox 451 2901 513 2933; x_wconf 86' lang='lat' dir='ltr'><strong>num</strong></span> <span class='ocrx_word' id='word_1_359' title='bbox 533 2886 644 2935; x_wconf 80' lang='lat' dir='ltr'><strong>aFlera</strong></span> <span class='ocrx_word' id='word_1_360' title='bbox 662 2887 806 2934; x_wconf 82' lang='lat' dir='ltr'><strong>nieretriee</strong></span> <span class='ocrx_word' id='word_1_361' title='bbox 827 2888 944 2935; x_wconf 83' lang='lat' dir='ltr'><strong>instituti</strong></span> <span class='ocrx_word' id='word_1_362' title='bbox 963 2895 1024 2935; x_wconf 81' lang='lat' dir='ltr'><strong>suar</strong></span> <span class='ocrx_word' id='word_1_363' title='bbox 1046 2889 1072 2935; x_wconf 93' lang='lat' dir='ltr'><strong>iu</strong></span> <span class='ocrx_word' id='word_1_364' title='bbox 1086 2887 1217 2937; x_wconf 80' lang='lat' dir='ltr'><strong>lrouerenr</strong></span> <span class='ocrx_word' id='word_1_365' title='bbox 1235 2890 1282 2938; x_wconf 81' lang='lat' dir='ltr'><strong>l&#39;lo</strong></span> 
     </span>
     <span class='ocr_line' id='line_1_38' title="bbox 150 2950 671 3017; baseline -0.002 -16"><span class='ocrx_word' id='word_1_366' title='bbox 150 2969 197 3001; x_wconf 88' lang='lat' dir='ltr'><strong>rae.</strong></span> <span class='ocrx_word' id='word_1_367' title='bbox 216 2953 300 3013; x_wconf 87' lang='lat' dir='ltr'><strong>deae,</strong></span> <span class='ocrx_word' id='word_1_368' title='bbox 321 2968 391 3015; x_wconf 71' lang='lat' dir='ltr'><strong>«piae</strong></span> <span class='ocrx_word' id='word_1_369' title='bbox 411 2950 528 3001; x_wconf 83' lang='lat' dir='ltr'><strong>llerilnrs&#39;</strong></span> <span class='ocrx_word' id='word_1_370' title='bbox 540 2950 671 3017; x_wconf 84' lang='lat' dir='ltr'><strong>praeest.&#39;</strong></span> 
     </span>
    </p>
   </div>
   <div class='ocr_carea' id='block_1_3' title="bbox 63 3240 1198 3488">
    <p class='ocr_par' dir='ltr' id='par_1_3' title="bbox 63 3240 1198 3488">
     <span class='ocr_line' id='line_1_39' title="bbox 63 3240 1198 3339; baseline 0.008 -32"><span class='ocrx_word' id='word_1_371' title='bbox 63 3240 135 3308; x_wconf 71' lang='lat' dir='ltr'><strong>tet</strong></span> <span class='ocrx_word' id='word_1_372' title='bbox 250 3245 380 3335; x_wconf 65' lang='grc' dir='ltr'><strong>Περὶ</strong></span> <span class='ocrx_word' id='word_1_373' title='bbox 422 3245 510 3339; x_wconf 75' lang='grc' dir='ltr'><strong>τῆς</strong></span> <span class='ocrx_word' id='word_1_374' title='bbox 555 3246 866 3335; x_wconf 66' lang='grc' dir='ltr'><strong><em>Κικέρωνος</em></strong></span> <span class='ocrx_word' id='word_1_375' title='bbox 911 3250 1198 3332; x_wconf 61' lang='grc' dir='ltr'><strong><em>πολιτείας</em></strong></span> 
     </span>
     <span class='ocr_line' id='line_1_40' title="bbox 624 3393 870 3488; baseline 0 -21"><span class='ocrx_word' id='word_1_376' title='bbox 624 3393 821 3488; x_wconf 51' lang='grc' dir='ltr'><strong>βψὴωνῶ</strong></span> <span class='ocrx_word' id='word_1_377' title='bbox 863 3411 870 3423; x_wconf 86' lang='grc'><strong>“</strong></span> 
     </span>
    </p>
   </div>
   <div class='ocr_carea' id='block_1_4' title="bbox 143 3575 1295 4455">
    <p class='ocr_par' dir='ltr' id='par_1_4' title="bbox 143 3575 1295 4455">
     <span class='ocr_line' id='line_1_41' title="bbox 216 3575 1295 3658; baseline 0.005 -28"><span class='ocrx_word' id='word_1_378' title='bbox 216 3579 267 3633; x_wconf 68' lang='lat' dir='ltr'><strong>‘lul</strong></span> <span class='ocrx_word' id='word_1_379' title='bbox 293 3580 404 3631; x_wconf 57' lang='lat' dir='ltr'><strong>fluidas:</strong></span> <span class='ocrx_word' id='word_1_380' title='bbox 440 3575 621 3647; x_wconf 67' lang='lat' dir='ltr'><strong>&#39;l&#39;poiyaelloe</strong></span> <span class='ocrx_word' id='word_1_381' title='bbox 649 3578 664 3631; x_wconf 86' lang='grc' dir='ltr'>ό</span> <span class='ocrx_word' id='word_1_382' title='bbox 688 3577 869 3658; x_wconf 56' lang='grc' dir='ltr'><strong><em>Σουητώνιος</em></strong></span> <span class='ocrx_word' id='word_1_383' title='bbox 894 3581 1068 3647; x_wconf 72' lang='grc' dir='ltr'><strong><em>χρηματίσας</em></strong></span> <span class='ocrx_word' id='word_1_384' title='bbox 1096 3580 1295 3647; x_wconf 72' lang='grc' dir='ltr'><strong>γραμματικὸς</strong></span> 
     </span>
     <span class='ocr_line' id='line_1_42' title="bbox 143 3640 1295 3717; baseline 0.005 -21"><span class='ocrx_word' id='word_1_385' title='bbox 143 3640 400 3714; x_wconf 69' lang='grc' dir='ltr'><strong>Ῥωμαῖοςέγραψε</strong></span> <span class='ocrx_word' id='word_1_386' title='bbox 414 3687 537 3701; x_wconf 88' lang='grc'><strong>.........</strong></span> <span class='ocrx_word' id='word_1_387' title='bbox 553 3647 725 3712; x_wconf 72' lang='lat' dir='ltr'><strong>sept...a&#39;·</strong></span> <span class='ocrx_word' id='word_1_388' title='bbox 745 3644 924 3713; x_wconf 75' lang='lat' dir='ltr'><strong>trvrrtr‘yst</strong></span> <span class='ocrx_word' id='word_1_389' title='bbox 945 3644 982 3698; x_wconf 74' lang='lat' dir='ltr'><strong>di</strong></span> <span class='ocrx_word' id='word_1_390' title='bbox 1001 3644 1211 3717; x_wconf 69' lang='grc' dir='ltr'><strong><em>τῴΔιδύμῳ.</em></strong></span> <span class='ocrx_word' id='word_1_391' title='bbox 1234 3657 1295 3702; x_wconf 76' lang='lat' dir='ltr'><strong>,irn-</strong></span> 
     </span>
     <span class='ocr_line' id='line_1_43' title="bbox 151 3717 1293 3782; baseline 0.004 -17"><span class='ocrx_word' id='word_1_392' title='bbox 151 3719 256 3767; x_wconf 84' lang='lat' dir='ltr'><strong>mianus</strong></span> <span class='ocrx_word' id='word_1_393' title='bbox 270 3719 448 3767; x_wconf 80' lang='lat' dir='ltr'><strong>llareellirius</strong></span> <span class='ocrx_word' id='word_1_394' title='bbox 463 3719 538 3766; x_wconf 79' lang='lat' dir='ltr'><strong>xxii</strong></span> <span class='ocrx_word' id='word_1_395' title='bbox 558 3717 595 3778; x_wconf 81' lang='lat' dir='ltr'><strong>ie,</strong></span> <span class='ocrx_word' id='word_1_396' title='bbox 613 3718 641 3765; x_wconf 73' lang='lat' dir='ltr'><strong>le</strong></span> <span class='ocrx_word' id='word_1_397' title='bbox 654 3734 709 3781; x_wconf 82' lang='lat' dir='ltr'><strong>sq:</strong></span> <span class='ocrx_word' id='word_1_398' title='bbox 734 3718 795 3766; x_wconf 83' lang='lat' dir='ltr'><strong>‘sed</strong></span> <span class='ocrx_word' id='word_1_399' title='bbox 807 3717 976 3767; x_wconf 76' lang='lat' dir='ltr'><strong>Alexandria</strong></span> <span class='ocrx_word' id='word_1_400' title='bbox 995 3719 1053 3782; x_wconf 88' lang='lat' dir='ltr'><strong>ipsa</strong></span> <span class='ocrx_word' id='word_1_401' title='bbox 1073 3734 1126 3765; x_wconf 88' lang='lat' dir='ltr'><strong>nan</strong></span> <span class='ocrx_word' id='word_1_402' title='bbox 1146 3722 1250 3768; x_wconf 83' lang='lat' dir='ltr'><strong>sensim</strong></span> <span class='ocrx_word' id='word_1_403' title='bbox 1266 3730 1293 3769; x_wconf 87' lang='lat' dir='ltr'><strong>nt</strong></span> 
     </span>
     <span class='ocr_line' id='line_1_44' title="bbox 150 3785 1295 3850; baseline 0.004 -19"><span class='ocrx_word' id='word_1_404' title='bbox 150 3785 223 3833; x_wconf 87' lang='lat' dir='ltr'><strong>aliae</strong></span> <span class='ocrx_word' id='word_1_405' title='bbox 242 3787 322 3833; x_wconf 86' lang='lat' dir='ltr'><strong>urbes</strong></span> <span class='ocrx_word' id='word_1_406' title='bbox 341 3785 388 3832; x_wconf 87' lang='lat' dir='ltr'><strong>sed</strong></span> <span class='ocrx_word' id='word_1_407' title='bbox 408 3786 479 3832; x_wconf 89' lang='lat' dir='ltr'><strong>inter</strong></span> <span class='ocrx_word' id='word_1_408' title='bbox 498 3787 581 3834; x_wconf 90' lang='lat' dir='ltr'><strong>initia</strong></span> <span class='ocrx_word' id='word_1_409' title='bbox 599 3787 688 3850; x_wconf 87' lang='lat' dir='ltr'><strong>prima</strong></span> <span class='ocrx_word' id='word_1_410' title='bbox 706 3792 789 3833; x_wconf 78' lang='lat' dir='ltr'><strong>atleta</strong></span> <span class='ocrx_word' id='word_1_411' title='bbox 808 3801 856 3848; x_wconf 93' lang='lat' dir='ltr'><strong>per</strong></span> <span class='ocrx_word' id='word_1_412' title='bbox 870 3787 1007 3848; x_wconf 77' lang='lat' dir='ltr'><strong>spatiosas</strong></span> <span class='ocrx_word' id='word_1_413' title='bbox 1026 3786 1146 3833; x_wconf 87' lang='lat' dir='ltr'><strong>ambitus</strong></span> <span class='ocrx_word' id='word_1_414' title='bbox 1164 3788 1295 3837; x_wconf 88' lang='lat' dir='ltr'><strong>internis-</strong></span> 
     </span>
     <span class='ocr_line' id='line_1_45' title="bbox 149 3852 1294 3917; baseline 0.007 -21"><span class='ocrx_word' id='word_1_415' title='bbox 149 3868 200 3915; x_wconf 90' lang='lat' dir='ltr'><strong>que</strong></span> <span class='ocrx_word' id='word_1_416' title='bbox 220 3853 401 3900; x_wconf 81' lang='lat' dir='ltr'><strong>seditionibus</strong></span> <span class='ocrx_word' id='word_1_417' title='bbox 419 3853 466 3900; x_wconf 89' lang='lat' dir='ltr'><strong>diu</strong></span> <span class='ocrx_word' id='word_1_418' title='bbox 485 3868 582 3917; x_wconf 85' lang='lat' dir='ltr'><strong>aspere</strong></span> <span class='ocrx_word' id='word_1_419' title='bbox 602 3854 722 3916; x_wconf 78' lang='lat' dir='ltr'><strong>fatigata</strong></span> <span class='ocrx_word' id='word_1_420' title='bbox 736 3852 769 3901; x_wconf 88' lang='lat' dir='ltr'><strong>ad</strong></span> <span class='ocrx_word' id='word_1_421' title='bbox 783 3852 903 3900; x_wconf 83' lang='lat' dir='ltr'><strong>ultiurum</strong></span> <span class='ocrx_word' id='word_1_422' title='bbox 923 3853 1015 3901; x_wconf 82' lang='lat' dir='ltr'><strong>aiultis</strong></span> <span class='ocrx_word' id='word_1_423' title='bbox 1034 3859 1095 3916; x_wconf 83' lang='lat' dir='ltr'><strong>pest</strong></span> <span class='ocrx_word' id='word_1_424' title='bbox 1113 3855 1196 3902; x_wconf 83' lang='lat' dir='ltr'><strong>aunis</strong></span> <span class='ocrx_word' id='word_1_425' title='bbox 1209 3858 1294 3904; x_wconf 79' lang='lat' dir='ltr'><strong>Aine·</strong></span> 
     </span>
     <span class='ocr_line' id='line_1_46' title="bbox 150 3919 1295 3988; baseline 0.003 -21"><span class='ocrx_word' id='word_1_426' title='bbox 150 3920 224 3967; x_wconf 91' lang='lat' dir='ltr'><strong>liano</strong></span> <span class='ocrx_word' id='word_1_427' title='bbox 248 3919 389 3982; x_wconf 83' lang='lat' dir='ltr'><strong>imperinm</strong></span> <span class='ocrx_word' id='word_1_428' title='bbox 408 3927 509 3981; x_wconf 70' lang='lat' dir='ltr'><strong>rigente</strong></span> <span class='ocrx_word' id='word_1_429' title='bbox 533 3921 662 3968; x_wconf 87' lang='lat' dir='ltr'><strong>eiuililms</strong></span> <span class='ocrx_word' id='word_1_430' title='bbox 685 3921 782 3982; x_wconf 67' lang='lat' dir='ltr'><strong>iurgiis</strong></span> <span class='ocrx_word' id='word_1_431' title='bbox 805 3920 840 3968; x_wconf 88' lang='lat' dir='ltr'><strong>ad</strong></span> <span class='ocrx_word' id='word_1_432' title='bbox 859 3921 1012 3968; x_wconf 78' lang='lat' dir='ltr'><strong>certamina</strong></span> <span class='ocrx_word' id='word_1_433' title='bbox 1036 3922 1214 3971; x_wconf 81' lang='lat' dir='ltr'><strong>interneciua</strong></span> <span class='ocrx_word' id='word_1_434' title='bbox 1232 3940 1295 3988; x_wconf 89' lang='lat' dir='ltr'><strong>pre·</strong></span> 
     </span>
     <span class='ocr_line' id='line_1_47' title="bbox 149 3987 1294 4051; baseline 0.005 -18"><span class='ocrx_word' id='word_1_435' title='bbox 149 3987 234 4049; x_wconf 82' lang='lat' dir='ltr'><strong>lapsis</strong></span> <span class='ocrx_word' id='word_1_436' title='bbox 253 3987 405 4048; x_wconf 86' lang='lat' dir='ltr'><strong>dirutisque</strong></span> <span class='ocrx_word' id='word_1_437' title='bbox 425 3989 566 4035; x_wconf 81' lang='lat' dir='ltr'><strong>maenibus</strong></span> <span class='ocrx_word' id='word_1_438' title='bbox 586 3989 677 4036; x_wconf 87' lang='lat' dir='ltr'><strong>amisit</strong></span> <span class='ocrx_word' id='word_1_439' title='bbox 697 3987 817 4050; x_wconf 66' lang='lat' dir='ltr'><strong>regionis</strong></span> <span class='ocrx_word' id='word_1_440' title='bbox 837 3989 982 4035; x_wconf 78' lang='lat' dir='ltr'><strong>niaximum</strong></span> <span class='ocrx_word' id='word_1_441' title='bbox 1003 3994 1117 4051; x_wconf 79' lang='lat' dir='ltr'><strong>partera.</strong></span> <span class='ocrx_word' id='word_1_442' title='bbox 1138 4005 1210 4050; x_wconf 71' lang='lat' dir='ltr'><strong>«quiae</strong></span> <span class='ocrx_word' id='word_1_443' title='bbox 1228 3992 1294 4039; x_wconf 85' lang='lat' dir='ltr'><strong>llru-</strong></span> 
     </span>
     <span class='ocr_line' id='line_1_48' title="bbox 149 4053 1294 4119; baseline 0.006 -20"><span class='ocrx_word' id='word_1_444' title='bbox 149 4054 228 4101; x_wconf 89' lang='lat' dir='ltr'><strong>ehion</strong></span> <span class='ocrx_word' id='word_1_445' title='bbox 248 4053 450 4116; x_wconf 74' lang='lat' dir='ltr'><strong>adpellalrutur,</strong></span> <span class='ocrx_word' id='word_1_446' title='bbox 469 4054 624 4103; x_wconf 90' lang='lat' dir='ltr'><strong>diuturnum</strong></span> <span class='ocrx_word' id='word_1_447' title='bbox 643 4056 840 4119; x_wconf 88' lang='lat' dir='ltr'><strong>praestantiam</strong></span> <span class='ocrx_word' id='word_1_448' title='bbox 861 4054 997 4103; x_wconf 85' lang='lat' dir='ltr'><strong>hominum</strong></span> <span class='ocrx_word' id='word_1_449' title='bbox 1016 4055 1192 4105; x_wconf 74' lang='lat' dir='ltr'><strong>‹leruieilinnn</strong></span> <span class='ocrx_word' id='word_1_450' title='bbox 1223 4059 1294 4106; x_wconf 92' lang='lat' dir='ltr'><strong>ande</strong></span> 
     </span>
     <span class='ocr_line' id='line_1_49' title="bbox 148 4119 1293 4185; baseline 0.006 -18"><span class='ocrx_word' id='word_1_451' title='bbox 148 4119 322 4169; x_wconf 76' lang='lat' dir='ltr'><strong>Aristarchus</strong></span> <span class='ocrx_word' id='word_1_452' title='bbox 340 4123 537 4185; x_wconf 75' lang='lat' dir='ltr'><strong>grauuuatieae</strong></span> <span class='ocrx_word' id='word_1_453' title='bbox 559 4125 597 4170; x_wconf 90' lang='lat' dir='ltr'><strong>rei</strong></span> <span class='ocrx_word' id='word_1_454' title='bbox 616 4122 693 4170; x_wconf 75' lang='lat' dir='ltr'><strong>rionis</strong></span> <span class='ocrx_word' id='word_1_455' title='bbox 712 4122 852 4171; x_wconf 75' lang='lat' dir='ltr'><strong>excellens</strong></span> <span class='ocrx_word' id='word_1_456' title='bbox 875 4129 902 4169; x_wconf 90' lang='lat' dir='ltr'><strong>et</strong></span> <span class='ocrx_word' id='word_1_457' title='bbox 928 4123 1102 4171; x_wconf 87' lang='lat' dir='ltr'><strong>llerodiaaus</strong></span> <span class='ocrx_word' id='word_1_458' title='bbox 1122 4124 1222 4172; x_wconf 90' lang='lat' dir='ltr'><strong>artium</strong></span> <span class='ocrx_word' id='word_1_459' title='bbox 1244 4127 1293 4174; x_wconf 86' lang='lat' dir='ltr'><strong>rni-</strong></span> 
     </span>
     <span class='ocr_line' id='line_1_50' title="bbox 148 4188 1293 4257; baseline 0.005 -22"><span class='ocrx_word' id='word_1_460' title='bbox 148 4188 309 4236; x_wconf 80' lang='lat' dir='ltr'><strong>nutissinms</strong></span> <span class='ocrx_word' id='word_1_461' title='bbox 333 4189 491 4237; x_wconf 87' lang='lat' dir='ltr'><strong>seiseilater</strong></span> <span class='ocrx_word' id='word_1_462' title='bbox 521 4196 549 4237; x_wconf 89' lang='lat' dir='ltr'><strong>et</strong></span> <span class='ocrx_word' id='word_1_463' title='bbox 575 4194 679 4238; x_wconf 67' lang='lat' dir='ltr'><strong>Saeeas</strong></span> <span class='ocrx_word' id='word_1_464' title='bbox 705 4190 863 4238; x_wconf 81' lang='lat' dir='ltr'><strong>drrnaonius</strong></span> <span class='ocrx_word' id='word_1_465' title='bbox 893 4189 995 4237; x_wconf 83' lang='lat' dir='ltr'><strong>l&#39;lotiui</strong></span> <span class='ocrx_word' id='word_1_466' title='bbox 1024 4190 1160 4251; x_wconf 71' lang='lat' dir='ltr'><strong>uragister</strong></span> <span class='ocrx_word' id='word_1_467' title='bbox 1188 4192 1293 4257; x_wconf 80' lang='lat' dir='ltr'><strong>aliique</strong></span> 
     </span>
     <span class='ocr_line' id='line_1_51' title="bbox 149 4255 1294 4322; baseline 0.003 -19"><span class='ocrx_word' id='word_1_468' title='bbox 149 4255 256 4317; x_wconf 84' lang='lat' dir='ltr'><strong>plurimi</strong></span> <span class='ocrx_word' id='word_1_469' title='bbox 275 4257 424 4318; x_wconf 83' lang='lat' dir='ltr'><strong>seriptores</strong></span> <span class='ocrx_word' id='word_1_470' title='bbox 452 4256 593 4305; x_wconf 87' lang='lat' dir='ltr'><strong>multorum</strong></span> <span class='ocrx_word' id='word_1_471' title='bbox 619 4259 645 4305; x_wconf 92' lang='lat' dir='ltr'><strong>in</strong></span> <span class='ocrx_word' id='word_1_472' title='bbox 670 4255 769 4305; x_wconf 83' lang='lat' dir='ltr'><strong>litteris</strong></span> <span class='ocrx_word' id='word_1_473' title='bbox 789 4257 919 4304; x_wconf 79' lang='lat' dir='ltr'><strong>rmlrilianr</strong></span> <span class='ocrx_word' id='word_1_474' title='bbox 942 4258 1107 4309; x_wconf 83' lang='lat' dir='ltr'><strong>studiorum.</strong></span> <span class='ocrx_word' id='word_1_475' title='bbox 1132 4259 1207 4307; x_wconf 87' lang='lat' dir='ltr'><strong>iuter</strong></span> <span class='ocrx_word' id='word_1_476' title='bbox 1226 4277 1294 4322; x_wconf 78' lang='lat' dir='ltr'><strong>qiuas</strong></span> 
     </span>
     <span class='ocr_line' id='line_1_52' title="bbox 149 4321 1293 4388; baseline 0.007 -21"><span class='ocrx_word' id='word_1_477' title='bbox 149 4321 348 4370; x_wconf 82' lang='lat' dir='ltr'><strong>t&#39;lraleenterus</strong></span> <span class='ocrx_word' id='word_1_478' title='bbox 384 4324 499 4370; x_wconf 87' lang='lat' dir='ltr'><strong>eminuit</strong></span> <span class='ocrx_word' id='word_1_479' title='bbox 530 4324 660 4387; x_wconf 69' lang='lat' dir='ltr'><strong>llidymus</strong></span> <span class='ocrx_word' id='word_1_480' title='bbox 689 4325 849 4387; x_wconf 82' lang='lat' dir='ltr'><strong>uniltiplieis</strong></span> <span class='ocrx_word' id='word_1_481' title='bbox 884 4324 1019 4373; x_wconf 83' lang='lat' dir='ltr'><strong>seientiae</strong></span> <span class='ocrx_word' id='word_1_482' title='bbox 1050 4324 1162 4388; x_wconf 84' lang='lat' dir='ltr'><strong>seriptis</strong></span> <span class='ocrx_word' id='word_1_483' title='bbox 1190 4342 1293 4375; x_wconf 80' lang='lat' dir='ltr'><strong>inemo·</strong></span> 
     </span>
     <span class='ocr_line' id='line_1_53' title="bbox 149 4388 1292 4455; baseline 0.008 -22"><span class='ocrx_word' id='word_1_484' title='bbox 149 4388 259 4436; x_wconf 81' lang='lat' dir='ltr'><strong>rabilis:</strong></span> <span class='ocrx_word' id='word_1_485' title='bbox 286 4391 339 4451; x_wconf 92' lang='lat' dir='ltr'><strong>qui</strong></span> <span class='ocrx_word' id='word_1_486' title='bbox 365 4391 396 4438; x_wconf 88' lang='lat' dir='ltr'><strong>in</strong></span> <span class='ocrx_word' id='word_1_487' title='bbox 416 4391 490 4439; x_wconf 86' lang='lat' dir='ltr'><strong>illis</strong></span> <span class='ocrx_word' id='word_1_488' title='bbox 509 4406 564 4439; x_wconf 84' lang='lat' dir='ltr'><strong>sex</strong></span> <span class='ocrx_word' id='word_1_489' title='bbox 590 4391 709 4452; x_wconf 81' lang='lat' dir='ltr'><strong>libris,</strong></span> <span class='ocrx_word' id='word_1_490' title='bbox 736 4392 791 4440; x_wconf 87' lang='lat' dir='ltr'><strong>ubi</strong></span> <span class='ocrx_word' id='word_1_491' title='bbox 811 4406 1057 4454; x_wconf 81' lang='lat' dir='ltr'><strong>nonnumquam</strong></span> <span class='ocrx_word' id='word_1_492' title='bbox 1082 4391 1292 4455; x_wconf 83' lang='lat' dir='ltr'><strong>imperleete</strong></span> 
     </span>
    </p>
   </div>
   <div class='ocr_carea' id='block_1_5' title="bbox 0 0 1487 5002">
    <p class='ocr_par' dir='ltr' id='par_1_5' title="bbox 0 0 1487 5002">
     <span class='ocr_line' id='line_1_54' title="bbox 0 0 1487 5002; baseline 0 0"><span class='ocrx_word' id='word_1_493' title='bbox 0 0 1487 5002; x_wconf 95' lang='lat' dir='ltr'><strong> </strong></span> 
     </span>
    </p>
   </div>
  </div>
 </body>
</html>
