2964 5002
165 328 227 397 488
578 326 887 391 avinionensem

161 504 199 572 ,in
219 503 290 583 plus
311 503 422 582 viginti
440 501 593 581 exemplis
613 520 678 561 nou
698 498 824 580 repperi
849 499 910 561 nisi
930 500 1069 582 quinquo
1089 500 1208 563 ordinis
1229 522 1302 563 con·

164 606 264 679 marii,
297 605 324 665 si
349 604 439 665 modo
465 602 504 663 ab
528 622 657 675 unorum
681 605 808 661 omilium
834 586 971 663 bellom
1008 600 1195 683 (veleiates
1218 600 1301 683 beili)

165 706 323 768 mentione
342 706 521 779 recesseris,
545 704 578 765 in
605 724 665 785 qao
690 722 806 783 genere
830 703 897 765 solo
911 704 1032 767 totiena
1052 705 1134 779 fere.
1157 706 1303 786 quotiens

165 806 537 890 praeceditmortem,
553 798 636 867 idem
649 806 846 889 postponitur
852 802 896 885 ²²).
910 879 913 885 ⁴

247 908 324 991 Peg.
339 908 398 985 20,
411 908 432 971 s
451 916 480 969 et
492 916 580 975 satus
597 912 636 967 sil
649 916 677 969 a
689 915 834 978 ιιιινιιιιιι,
854 928 911 989 pro
932 926 969 968 eo
992 906 1076 989 qued
1087 906 1173 971 inde
1193 906 1233 969 ab
1248 909 1303 969 ,al-

166 1011 242 1073 dius
255 1012 397 1091 vulgetur
409 1019 496 1071 omas
507 1015 545 1071 tit
554 1019 584 1069 et
598 1019 741 1084 narinus,
758 1008 883 1077 dubium
895 1009 950 1073 rix
964 1018 1012 1071 est
1026 1010 1100 1091 quin
1114 1017 1201 1071 recte
1216 1030 1306 1079 ertia·¹

165 1123 215 1175 tur
229 1133 247 1173 e
261 1112 408 1185 librorum
421 1114 572 1195 scriptura
589 1122 677 1173 oanis
688 1122 731 1173 est
746 1122 774 1173 et
787 1106 932 1173 ιιιονιιιὶιιι
950 1109 1003 1173 ubi
1017 1112 1144 1192 elapsae
1159 1110 1199 1173 ab
1214 1112 1302 1175 initio

165 1225 194 1275 st
207 1216 392 1296 particulae,
415 1234 507 1297 quam
527 1200 724 1295 geminatam?
733 1214 864 1296 requirit
880 1212 1118 1293 argumentandi
1132 1212 1302 1289 evidentia,

165 1321 235 1399 ipse
248 1318 376 1379 vitiosus
390 1328 433 1377 esi
446 1316 632 1378 indicativus
646 1315 761 1379 indicio
777 1324 849 1377 eet.

152 1482 156 1489 ,
223 1420 287 1483 &V
302 1420 359 1493 10,
379 1418 432 1479 ubi
446 1438 569 1500 prorsus
584 1419 761 1481 necessaria
773 1418 1008 1499 coopertione,
1030 1419 1083 1499 qui
1102 1370 1182 1481 tueri
1203 1420 1305 1479 Nassi-

166 1528 212 1584 slis
226 1530 255 1583 ct
273 1524 401 1581 omisis
414 1520 544 1581 Bothum
558 1541 590 1601 p
609 1527 656 1585 177
671 1521 822 1601 potuerit
836 1538 930 1599 aegre
943 1519 1119 1601 intelleges.

91 1618 96 1623 ’
250 1622 371 1686 Ibidem
384 1612 540 1703 prodita
530 1620 664 1684 inlibris
680 1620 776 1683 verba
795 1625 836 1681 ad
852 1624 953 1682 doceo
972 1642 1123 1683 mnaseas
1146 1627 1305 1699 pensem

162 1730 308 1802 petatem
328 1726 362 1785 in
383 1722 492 1805 quibua
512 1723 652 1803 ineptum
666 1732 713 1783 est
728 1723 836 1784 ducem
855 1726 1046 1839 potissimam
1064 1726 1305 1803 commemorari,

167 1829 226 1890 etsi
255 1826 296 1889 sd
325 1844 431 1889 senem
459 1824 654 1905 eandemque
682 1825 758 1905 satis
788 1802 948 1905 eleganter
977 1827 1089 1909 elatem
1117 1829 1307 1891 sententian

97 1948 101 1954 ·
167 1929 348 2008 Sobopenue
372 1924 455 2007 apud
474 1924 714 1987 Fleckeisenum
738 1927 837 2006 praef.
859 1928 933 1989 Ter.
959 1948 990 2009 p.
1013 1940 1037 1986 v
1061 1929 1107 1989 eie
1128 1931 1313 1991 moravits.

166 2033 274 2091 alioci
286 2031 407 2099 Romaiu
425 2026 523 2103 niqui
532 2031 652 2091 ananim
667 2030 812 2103 potense,
833 2040 938 2090 tamen
956 2048 1013 2091 eur
1029 2030 1113 2093 baud
1131 2032 1241 2111 psallo
1260 2032 1305 2093 le·

95 2140 105 2159 ·
142 2186 147 2197 ,
165 2133 284 2193 niorem
298 2129 406 2191 Iacobi
420 2128 572 2193 (leonorii
587 2129 836 2192 emendationem
853 2146 1034 2213 spernemus
1054 2125 1144 2193 dion
1163 2133 1195 2193 b.
1212 2152 1240 2195 e.
1255 2136 1307 2194 do·

166 2237 273 2293 minora
286 2252 344 2313 pro
358 2235 459 2293 decess
474 2232 670 2312 reponentis,
691 2250 829 2293 caussam
847 2253 912 2295 non
934 2231 1039 2294 video.
1080 2235 1159 2296 Esto
1178 2243 1215 2297 ut
1234 2256 1307 2317 pre·

167 2336 266 2416 prium
287 2336 327 2395 sit
354 2334 411 2396 ‘de
432 2333 530 2417 servis
551 2333 748 2401 vaenalibus'
768 2336 876 2396 solon
893 2334 1036 2395 verbam:
1062 2344 1094 2397 at
1119 2356 1180 2399 nec
1203 2338 1307 2399 minas

167 2437 293 2518 proprie
317 2436 370 2496 vel
392 2434 566 2496 hereditate
592 2436 644 2495 vel
670 2437 826 2517 emptione
851 2456 900 2499 res
925 2436 1083 2518 quaelibet
1105 2436 1147 2499 ad
1170 2439 1308 2521 eliqnem

165 2542 321 2613 perseum
337 2536 461 2611 dieitur,
484 2557 543 2599 nec
558 2537 683 2597 omnino
698 2539 890 2618 proprietate
903 2538 1066 2599 verborum
1087 2560 1165 2621 epus
1185 2550 1234 2601 est
1253 2540 1307 2602 ubi

168 2642 245 2702 nihil
270 2640 330 2699 nisi
356 2639 415 2699 hoo
439 2639 553 2717 agitur,
579 2648 613 2698 ut
638 2659 701 2698 non
728 2640 868 2719 intellegi
890 2638 1063 2700 declaretur
1090 2641 1247 2721 quomodo
1266 2643 1306 2703 ab

168 2743 252 2803 Afris
268 2749 374 2819 eaptus
389 2749 483 2818 poeta
498 2760 603 2800 servus
618 2741 683 2817 ficri
697 2742 827 2801 Romani
843 2742 974 2801 hominis
990 2743 1133 2820 potuerit.
1162 2742 1307 2805 Ceterum

167 2850 266 2904 ducem
282 2862 355 2901 vero
367 2841 495 2901 Rothiue
512 2841 590 2901 dixit
604 2843 665 2901 iam
681 2841 718 2900 ab
735 2863 771 2902 co
788 2844 898 2903 lectum
913 2845 965 2923 qui
980 2845 1208 2923 epigrammatis
1222 2845 1307 2927 apud

167 2948 374 3004 Burmannum
396 2954 437 3015 11,
454 2952 519 3017 220,
540 2944 623 3023 apud
638 2945 799 3023 Meyer-um
818 2955 884 3017 845,
905 2945 989 3005 huno
1008 2965 1129 3005 versum
1152 2947 1229 3007 fecit
1251 2950 1308 3008 Re·

168 3050 259 3105 otonis
283 3049 401 3104 dacibus
426 3048 525 3104 bellico
547 3050 663 3119 praedo
684 3046 740 3119 soi.
786 3046 878 3106 Vnde
907 3066 1023 3105 rursum
1052 3049 1115 3106 vita
1141 3049 1307 3109 Petrsrese

169 3148 306 3228 prosecta
320 3168 346 3204 ια
361 3149 498 3205 Romanis
520 3151 638 3205 ducibus
658 3157 772 3222 coptam
790 3145 873 3206 dicit.
916 3147 1031 3207 Contra
1054 3148 1210 3228 Sohopeui
1234 3172 1307 3211 cen·

168 3251 301 3310 iecturae
317 3249 423 3307 levore
438 3249 502 3307 vita
518 3248 654 3309 Sieeonis
670 3249 837 3308 Poleutoui
854 3248 993 3327 (I'urerg.
1009 3251 1112 3309 Pleut.
1129 3271 1160 3330 p.
1177 3250 1244 3328 635)
1262 3253 1308 3311 vi·

169 3350 306 3423 (leretur,
328 3350 362 3409 iu
378 3371 438 3430 quo
454 3359 500 3409 est
510 3367 588 3423 puer
602 3359 705 3424 coplas
719 3355 789 3409 bello
803 3361 831 3409 et
846 3353 966 3409 Romam
981 3354 1099 3417 doctos,
1121 3352 1182 3411 nisi
1197 3353 1253 3412 ille
1269 3374 1309 3414 ex

250 3531 274 3596 *l
294 3535 420 3599 Quinque
438 3551 508 3600 quse
528 3536 616 3596 exemi
635 3534 760 3600 exempla.
771 3535 842 3585 hsce
855 3539 932 3585 eunt:
950 3535 1037 3585 bellum
1050 3534 1157 3585 Siculum
1175 3536 1245 3601 Aug.
1263 3536 1303 3600 10,

168 3620 300 3670 Siciliense
319 3618 364 3680 70,
390 3620 553 3683 Philippense
571 3619 640 3683 Aug.
659 3618 700 3668 20.
728 3620 789 3671 Tib.
808 3620 839 3679 5,
868 3620 1027 3670 Vitelliorum
1044 3619 1122 3669 Dom.
1142 3620 1166 3669 1.
1203 3621 1309 3672 Contra

168 3719 238 3768 quse
256 3718 358 3769 magna
375 3704 522 3754 multitudo
538 3692 636 3753 lelium
653 3703 742 3753 valet:
763 3704 855 3754 Gallici
871 3706 999 3769 ciuilisque
1017 3703 1076 3753 belli
1093 3710 1121 3753 et
1140 3705 1234 3755 Gallici
1251 3707 1310 3757 heiti

168 3788 218 3839 Iul.
237 3787 282 3849 50,
304 3790 406 3839 Gallicis
423 3789 494 3841 hellis
510 3787 557 3849 00,
576 3789 738 3853 Philippense
755 3788 842 3837 belham
859 3788 928 3852 Aug.
951 3787 990 3851 13,
1011 3789 1216 3853 Philippenses!
1234 3789 1308 3842 Sica·

167 3877 215 3922 hon
232 3874 254 3924 h.
274 3875 312 3924 ih.
331 3874 372 3934 22,
395 3875 516 3924 Cimbrico
536 3873 699 3938 Marsicoque
716 3871 739 3921 h.
760 3872 796 3921 ib.
810 3871 852 3933 23,
871 3872 1011 3921 tunonensi
1027 3872 1050 3922 h.
1071 3872 1107 3921 ib.
1121 3871 1162 3935 84,
1183 3873 1216 3923 de
1235 3874 1307 3927 rhet.

169 3957 193 4021 i,
214 3959 363 4009 Cantabrico
381 3958 404 4007 h.
422 3957 491 4022 Aug.
511 3954 558 4014 85,
578 3957 756 4008 Alexandrino
780 3956 804 4006 h.
822 3957 883 4006 Tib.
902 3956 932 4017 4,
958 3957 1086 4006 Raelimm
1102 3958 1309 4026 Vindelicumque

168 4043 191 4092 b.
209 4040 233 4104 0,
254 4043 429 4093 Mithridatico
446 4041 469 4091 h.
488 4038 529 4101 37,
551 4042 697 4092 Germanico
716 4041 739 4092 i.
758 4041 821 4090 Ner.
839 4041 864 4102 4,
888 4041 1026 4091 Viriathini
1041 4042 1064 4091 b.
1085 4040 1166 4092 Gelb.
1185 4041 1217 4103 3,
1236 4042 1309 4093 Soss-

167 4128 238 4176 nitici
255 4125 277 4176 h.
295 4126 351 4175 Vit.
367 4124 390 4175 1.
408 4150 442 4159 -
461 4124 551 4175 &saia
568 4125 634 4174 hello
651 4125 695 4175 vel
714 4127 787 4176 daile
804 4125 892 4176 hellam
908 4124 996 4175 habes
1014 4124 1065 4175 lul.
1084 4124 1124 4177 36.
1143 4126 1185 4175 42.
1203 4124 1246 4175 08.
1264 4126 1307 4179 83.

168 4208 215 4272 80,
234 4211 302 4274 Aug.
321 4207 368 4268 83,
388 4207 486 4258 Claud.
505 4207 551 4271 13,
568 4209 632 4258 Nor.
650 4210 681 4272 2,
699 4210 781 4274 Veep.
800 4209 829 4270 7,
854 4210 933 4260 Dom.
951 4207 999 4268 10,
1023 4209 1057 4259 de
1076 4209 1145 4259 rhet.
1165 4209 1195 4259 1:
1218 4210 1309 4262 helissia

168 4296 239 4343 maile
256 4293 301 4343 vel
323 4293 389 4343 hello
405 4293 490 4342 ciuilio
512 4290 562 4341 Iul.
581 4291 623 4342 27,
643 4291 684 4343 50.
702 4293 743 4343 54.
762 4292 808 4353 75,
827 4293 897 4358 Aug.
914 4292 939 4343 9.
958 4292 1001 4342 25.
1020 4292 1061 4344 32.
1080 4293 1127 4357 40,
1147 4292 1244 4344 Cleud.
1264 4294 1305 4359 13,

168 4379 249 4443 Veep.
264 4376 287 4426 l.
308 4376 347 4439 12,
366 4378 445 4427 Βοιιι.
462 4373 487 4427 0.
504 4400 537 4410 -
556 4373 683 4426 Ceterum
701 4377 843 4427 finitimum
861 4391 948 4444 genus
966 4378 1049 4444 tetigi
1067 4377 1102 4427 ad
1119 4393 1146 4442 p.
1164 4376 1207 4441 31,
1229 4376 1269 4430 13.
