<?xml version="1.0" encoding="UTF-8"?>
<!DOCTYPE html PUBLIC "-//W3C//DTD XHTML 1.0 Transitional//EN"
    "http://www.w3.org/TR/xhtml1/DTD/xhtml1-transitional.dtd">
<html xmlns="http://www.w3.org/1999/xhtml" xml:lang="en" lang="en">
 <head>
  <title>
</title>
<meta http-equiv="Content-Type" content="text/html;charset=utf-8" />
  <meta name='ocr-system' content='tesseract 3.04.00' />
  <meta name='ocr-capabilities' content='ocr_page ocr_carea ocr_par ocr_line ocrx_word'/>
</head>
<body>
  <div class='ocr_page' id='page_1' title='image "./csvetonitranqvi00ritsgoog_0160.png"; bbox 0 0 2964 5002; ppageno 0'>
   <div class='ocr_carea' id='block_1_1' title="bbox 581 367 1340 430">
    <p class='ocr_par' dir='ltr' id='par_1_1' title="bbox 581 367 1340 430">
     <span class='ocr_line' id='line_1_1' title="bbox 581 367 1340 430; baseline 0.005 -6"><span class='ocrx_word' id='word_1_1' title='bbox 581 383 623 424; x_wconf 86' lang='lat' dir='ltr'>ns</span> <span class='ocrx_word' id='word_1_2' title='bbox 645 382 731 424; x_wconf 79' lang='lat' dir='ltr'>vrnls</span> <span class='ocrx_word' id='word_1_3' title='bbox 750 375 967 424; x_wconf 76' lang='lat' dir='ltr'>innueramus</span> <span class='ocrx_word' id='word_1_4' title='bbox 1281 367 1340 430; x_wconf 86' lang='grc'>133</span> 
     </span>
    </p>
   </div>
   <div class='ocr_carea' id='block_1_2' title="bbox 166 528 1451 1736">
    <p class='ocr_par' dir='ltr' id='par_1_2' title="bbox 178 528 1385 1115">
     <span class='ocr_line' id='line_1_2' title="bbox 196 528 1339 617; baseline 0.003 -25"><span class='ocrx_word' id='word_1_5' title='bbox 196 550 292 615; x_wconf 88' lang='lat' dir='ltr'>neque</span> <span class='ocrx_word' id='word_1_6' title='bbox 310 529 515 615; x_wconf 85' lang='lat' dir='ltr'>pauimenta</span> <span class='ocrx_word' id='word_1_7' title='bbox 529 528 597 592; x_wconf 89' lang='lat' dir='ltr'>alia</span> <span class='ocrx_word' id='word_1_8' title='bbox 618 549 714 615; x_wconf 89' lang='lat' dir='ltr'>quam</span> <span class='ocrx_word' id='word_1_9' title='bbox 738 552 755 592; x_wconf 89' lang='lat' dir='ltr'>e</span> <span class='ocrx_word' id='word_1_10' title='bbox 778 528 938 614; x_wconf 87' lang='lat' dir='ltr'>Carysteo</span> <span class='ocrx_word' id='word_1_11' title='bbox 957 534 1132 612; x_wconf 87' lang='lat' dir='ltr'>marmore,</span> <span class='ocrx_word' id='word_1_12' title='bbox 1160 533 1245 617; x_wconf 89' lang='lat' dir='ltr'>quod</span> <span class='ocrx_word' id='word_1_13' title='bbox 1268 535 1339 596; x_wconf 88' lang='lat' dir='ltr'>auri</span> 
     </span>
     <span class='ocr_line' id='line_1_3' title="bbox 196 628 1339 716; baseline 0.003 -23"><span class='ocrx_word' id='word_1_14' title='bbox 196 629 296 714; x_wconf 82' lang='lat' dir='ltr'>fulgor</span> <span class='ocrx_word' id='word_1_15' title='bbox 320 628 467 712; x_wconf 85' lang='lat' dir='ltr'>hebetet,</span> <span class='ocrx_word' id='word_1_16' title='bbox 490 640 525 694; x_wconf 88' lang='lat' dir='ltr'>at</span> <span class='ocrx_word' id='word_1_17' title='bbox 550 630 700 716; x_wconf 77' lang='lat' dir='ltr'>Carystei</span> <span class='ocrx_word' id='word_1_18' title='bbox 723 630 875 694; x_wconf 91' lang='lat' dir='ltr'>uiriditas</span> <span class='ocrx_word' id='word_1_19' title='bbox 898 629 1023 694; x_wconf 90' lang='lat' dir='ltr'>reficiat</span> <span class='ocrx_word' id='word_1_20' title='bbox 1045 631 1166 695; x_wconf 91' lang='lat' dir='ltr'>oculos.</span> <span class='ocrx_word' id='word_1_21' title='bbox 1210 655 1283 696; x_wconf 90' lang='lat' dir='ltr'>nam</span> <span class='ocrx_word' id='word_1_22' title='bbox 1307 645 1339 697; x_wconf 89' lang='lat' dir='ltr'>ct</span> 
     </span>
     <span class='ocr_line' id='line_1_4' title="bbox 197 729 1385 818; baseline 0.003 -25"><span class='ocrx_word' id='word_1_23' title='bbox 197 733 246 817; x_wconf 89' lang='lat' dir='ltr'>qui</span> <span class='ocrx_word' id='word_1_24' title='bbox 271 731 528 795; x_wconf 80' lang='lat' dir='ltr'><strong>nummulariam</strong></span> <span class='ocrx_word' id='word_1_25' title='bbox 553 729 683 811; x_wconf 84' lang='lat' dir='ltr'>discunt</span> <span class='ocrx_word' id='word_1_26' title='bbox 719 730 924 794; x_wconf 88' lang='lat' dir='ltr'>denariorum</span> <span class='ocrx_word' id='word_1_27' title='bbox 953 729 1067 795; x_wconf 81' lang='lat' dir='ltr'>formis</span> <span class='ocrx_word' id='word_1_28' title='bbox 1092 742 1236 818; x_wconf 87' lang='lat' dir='ltr'>myrteos</span> <span class='ocrx_word' id='word_1_29' title='bbox 1260 756 1337 818; x_wconf 91' lang='lat' dir='ltr'>pan·</span> <span class='ocrx_word' id='word_1_30' title='bbox 1382 745 1385 750; x_wconf 90' lang='lat'>&#39;</span> 
     </span>
     <span class='ocr_line' id='line_1_5' title="bbox 196 831 1340 919; baseline 0.002 -23"><span class='ocrx_word' id='word_1_31' title='bbox 196 854 250 896; x_wconf 89' lang='lat' dir='ltr'>uos</span> <span class='ocrx_word' id='word_1_32' title='bbox 270 831 458 896; x_wconf 89' lang='lat' dir='ltr'>subiciunt:</span> <span class='ocrx_word' id='word_1_33' title='bbox 487 841 521 897; x_wconf 89' lang='lat' dir='ltr'>et</span> <span class='ocrx_word' id='word_1_34' title='bbox 548 853 749 916; x_wconf 85' lang='lat' dir='ltr'>gemmarum</span> <span class='ocrx_word' id='word_1_35' title='bbox 772 831 951 918; x_wconf 78' lang='lat' dir='ltr'>scalptores</span> <span class='ocrx_word' id='word_1_36' title='bbox 975 832 1223 898; x_wconf 78' lang='lat' dir='ltr'><strong>scarabaeorum</strong></span> <span class='ocrx_word' id='word_1_37' title='bbox 1245 843 1340 919; x_wconf 88' lang='lat' dir='ltr'>terga</span> 
     </span>
     <span class='ocr_line' id='line_1_6' title="bbox 178 931 1337 1021; baseline 0 -24"><span class='ocrx_word' id='word_1_38' title='bbox 178 933 310 1018; x_wconf 70' lang='lat' dir='ltr'>aquibus</span> <span class='ocrx_word' id='word_1_39' title='bbox 330 932 415 996; x_wconf 85' lang='lat' dir='ltr'>nihil</span> <span class='ocrx_word' id='word_1_40' title='bbox 438 942 488 997; x_wconf 90' lang='lat' dir='ltr'>est</span> <span class='ocrx_word' id='word_1_41' title='bbox 510 931 650 996; x_wconf 92' lang='lat' dir='ltr'>uiridius</span> <span class='ocrx_word' id='word_1_42' title='bbox 673 931 813 997; x_wconf 86' lang='lat' dir='ltr'>subinde</span> <span class='ocrx_word' id='word_1_43' title='bbox 831 935 1027 1021; x_wconf 83' lang='lat' dir='ltr'>respiciunt:</span> <span class='ocrx_word' id='word_1_44' title='bbox 1051 943 1083 997; x_wconf 91' lang='lat' dir='ltr'>et</span> <span class='ocrx_word' id='word_1_45' title='bbox 1097 936 1236 1021; x_wconf 91' lang='lat' dir='ltr'>pictores</span> <span class='ocrx_word' id='word_1_46' title='bbox 1251 935 1337 999; x_wconf 90' lang='lat' dir='ltr'>idem</span> 
     </span>
     <span class='ocr_line' id='line_1_7' title="bbox 195 1033 1170 1115; baseline -0.001 -17"><span class='ocrx_word' id='word_1_47' title='bbox 195 1034 329 1115; x_wconf 85' lang='lat' dir='ltr'>faciunt,</span> <span class='ocrx_word' id='word_1_48' title='bbox 353 1042 391 1096; x_wconf 93' lang='lat' dir='ltr'>ut</span> <span class='ocrx_word' id='word_1_49' title='bbox 412 1033 558 1098; x_wconf 86' lang='lat' dir='ltr'>laborem</span> <span class='ocrx_word' id='word_1_50' title='bbox 581 1034 672 1096; x_wconf 90' lang='lat' dir='ltr'>uisus</span> <span class='ocrx_word' id='word_1_51' title='bbox 693 1055 803 1099; x_wconf 88' lang='lat' dir='ltr'>eorum</span> <span class='ocrx_word' id='word_1_52' title='bbox 826 1033 992 1098; x_wconf 87' lang='lat' dir='ltr'>uiriditate</span> <span class='ocrx_word' id='word_1_53' title='bbox 1006 1045 1170 1115; x_wconf 5' lang='lat' dir='ltr'>procreent.</span> 
     </span>
    </p>

    <p class='ocr_par' dir='ltr' id='par_1_3' title="bbox 192 1121 1451 1405">
     <span class='ocr_line' id='line_1_8' title="bbox 277 1121 1451 1219; baseline 0.003 -22"><span class='ocrx_word' id='word_1_54' title='bbox 277 1133 452 1214; x_wconf 80' lang='lat' dir='ltr'><strong>Quaedam</strong></span> <span class='ocrx_word' id='word_1_55' title='bbox 475 1146 599 1219; x_wconf 80' lang='lat' dir='ltr'>genera</span> <span class='ocrx_word' id='word_1_56' title='bbox 622 1134 778 1198; x_wconf 91' lang='lat' dir='ltr'>librorum</span> <span class='ocrx_word' id='word_1_57' title='bbox 792 1135 891 1198; x_wconf 88' lang='lat' dir='ltr'>certis</span> <span class='ocrx_word' id='word_1_58' title='bbox 909 1134 1048 1200; x_wconf 90' lang='lat' dir='ltr'>modulis</span> <span class='ocrx_word' id='word_1_59' title='bbox 1064 1134 1335 1200; x_wconf 87' lang='lat' dir='ltr'>conficiebantur:</span> <span class='ocrx_word' id='word_1_60' title='bbox 1351 1121 1451 1194; x_wconf 81' lang='grc'>1114*</span> 
     </span>
     <span class='ocr_line' id='line_1_9' title="bbox 194 1234 1337 1320; baseline 0.001 -21"><span class='ocrx_word' id='word_1_61' title='bbox 194 1235 338 1300; x_wconf 88' lang='lat' dir='ltr'>breuiori</span> <span class='ocrx_word' id='word_1_62' title='bbox 359 1234 465 1298; x_wconf 80' lang='lat' dir='ltr'>tonna</span> <span class='ocrx_word' id='word_1_63' title='bbox 486 1237 632 1298; x_wconf 88' lang='lat' dir='ltr'>carmina</span> <span class='ocrx_word' id='word_1_64' title='bbox 647 1244 744 1320; x_wconf 89' lang='lat' dir='ltr'>atque</span> <span class='ocrx_word' id='word_1_65' title='bbox 760 1234 927 1320; x_wconf 79' lang='lat' dir='ltr'>epistulae,</span> <span class='ocrx_word' id='word_1_66' title='bbox 945 1244 979 1298; x_wconf 90' lang='lat' dir='ltr'>at</span> <span class='ocrx_word' id='word_1_67' title='bbox 1000 1257 1077 1300; x_wconf 93' lang='lat' dir='ltr'>uero</span> <span class='ocrx_word' id='word_1_68' title='bbox 1096 1235 1252 1301; x_wconf 83' lang='lat' dir='ltr'>historiae</span> <span class='ocrx_word' id='word_1_69' title='bbox 1270 1259 1337 1300; x_wconf 88' lang='lat' dir='ltr'>ma-</span> 
     </span>
     <span class='ocr_line' id='line_1_10' title="bbox 192 1323 1337 1405; baseline 0 -4"><span class='ocrx_word' id='word_1_70' title='bbox 192 1338 251 1405; x_wconf 92' lang='lat' dir='ltr'>iori</span> <span class='ocrx_word' id='word_1_71' title='bbox 274 1334 411 1399; x_wconf 88' lang='lat' dir='ltr'>modulo</span> <span class='ocrx_word' id='word_1_72' title='bbox 435 1334 680 1400; x_wconf 83' lang='lat' dir='ltr'>scribebantur:</span> <span class='ocrx_word' id='word_1_73' title='bbox 714 1344 746 1398; x_wconf 90' lang='lat' dir='ltr'>ot</span> <span class='ocrx_word' id='word_1_74' title='bbox 771 1323 836 1398; x_wconf 88' lang='lat' dir='ltr'>non</span> <span class='ocrx_word' id='word_1_75' title='bbox 863 1336 968 1399; x_wconf 89' lang='lat' dir='ltr'>solum</span> <span class='ocrx_word' id='word_1_76' title='bbox 992 1338 1025 1399; x_wconf 92' lang='lat' dir='ltr'>in</span> <span class='ocrx_word' id='word_1_77' title='bbox 1049 1348 1139 1401; x_wconf 89' lang='lat' dir='ltr'>carta</span> <span class='ocrx_word' id='word_1_78' title='bbox 1160 1336 1213 1401; x_wconf 91' lang='lat' dir='ltr'>uel</span> <span class='ocrx_word' id='word_1_79' title='bbox 1239 1360 1337 1401; x_wconf 90' lang='lat' dir='ltr'>mem·</span> 
     </span>
    </p>

    <p class='ocr_par' dir='ltr' id='par_1_4' title="bbox 166 1435 1337 1736">
     <span class='ocr_line' id='line_1_11' title="bbox 166 1435 1337 1524; baseline -0.001 -22"><span class='ocrx_word' id='word_1_80' title='bbox 166 1437 316 1517; x_wconf 81' lang='lat' dir='ltr'>nbranis,</span> <span class='ocrx_word' id='word_1_81' title='bbox 329 1435 389 1500; x_wconf 85' lang='lat' dir='ltr'>scd</span> <span class='ocrx_word' id='word_1_82' title='bbox 403 1437 500 1500; x_wconf 89' lang='lat' dir='ltr'>etiarn</span> <span class='ocrx_word' id='word_1_83' title='bbox 521 1437 555 1500; x_wconf 91' lang='lat' dir='ltr'>in</span> <span class='ocrx_word' id='word_1_84' title='bbox 572 1438 709 1500; x_wconf 89' lang='lat' dir='ltr'>omentis</span> <span class='ocrx_word' id='word_1_85' title='bbox 722 1435 940 1523; x_wconf 84' lang='lat' dir='ltr'>elephantinis</span> <span class='ocrx_word' id='word_1_86' title='bbox 959 1436 1194 1524; x_wconf 87' lang='lat' dir='ltr'>textilibusque</span> <span class='ocrx_word' id='word_1_87' title='bbox 1212 1438 1337 1502; x_wconf 89' lang='lat' dir='ltr'>malua-</span> 
     </span>
     <span class='ocr_line' id='line_1_12' title="bbox 190 1535 1335 1623; baseline -0.001 -20"><span class='ocrx_word' id='word_1_88' title='bbox 190 1560 260 1603; x_wconf 88' lang='lat' dir='ltr'>rum</span> <span class='ocrx_word' id='word_1_89' title='bbox 277 1535 372 1602; x_wconf 84' lang='lat' dir='ltr'>soliis</span> <span class='ocrx_word' id='word_1_90' title='bbox 393 1547 492 1623; x_wconf 88' lang='lat' dir='ltr'>atque</span> <span class='ocrx_word' id='word_1_91' title='bbox 513 1537 703 1623; x_wconf 88' lang='lat' dir='ltr'>palmarum.</span> <span class='ocrx_word' id='word_1_92' title='bbox 734 1540 827 1601; x_wconf 87' lang='lat' dir='ltr'>euius</span> <span class='ocrx_word' id='word_1_93' title='bbox 843 1538 972 1622; x_wconf 87' lang='lat' dir='ltr'>generis</span> <span class='ocrx_word' id='word_1_94' title='bbox 989 1537 1095 1602; x_wconf 80' lang='lat' dir='ltr'>Cinna</span> <span class='ocrx_word' id='word_1_95' title='bbox 1109 1541 1156 1603; x_wconf 91' lang='lat' dir='ltr'>sic</span> <span class='ocrx_word' id='word_1_96' title='bbox 1173 1542 1335 1604; x_wconf 85' lang='lat' dir='ltr'>meminit:</span> 
     </span>
     <span class='ocr_line' id='line_1_13' title="bbox 343 1637 1294 1736; baseline 0.003 -35"><span class='ocrx_word' id='word_1_97' title='bbox 343 1637 426 1701; x_wconf 89' lang='lat' dir='ltr'>baec</span> <span class='ocrx_word' id='word_1_98' title='bbox 447 1637 509 1701; x_wconf 94' lang='lat' dir='ltr'>tibi</span> <span class='ocrx_word' id='word_1_99' title='bbox 532 1640 663 1702; x_wconf 85' lang='lat' dir='ltr'>Arateis</span> <span class='ocrx_word' id='word_1_100' title='bbox 686 1639 822 1703; x_wconf 87' lang='lat' dir='ltr'>multum</span> <span class='ocrx_word' id='word_1_101' title='bbox 847 1638 985 1722; x_wconf 84' lang='lat' dir='ltr'>uigilata</span> <span class='ocrx_word' id='word_1_102' title='bbox 1009 1638 1151 1704; x_wconf 89' lang='lat' dir='ltr'>lucernis</span> <span class='ocrx_word' id='word_1_103' title='bbox 1288 1722 1294 1736; x_wconf 32' lang='grc' dir='ltr'><strong><em>ι</em></strong></span> 
     </span>
    </p>
   </div>
   <div class='ocr_carea' id='block_1_3' title="bbox 191 1775 1387 3466">
    <p class='ocr_par' dir='ltr' id='par_1_5' title="bbox 191 1775 1387 3256">
     <span class='ocr_line' id='line_1_14' title="bbox 191 1775 1336 1843; baseline 0.002 -15"><span class='ocrx_word' id='word_1_104' title='bbox 191 1778 279 1828; x_wconf 85' lang='lat' dir='ltr'>bendo</span> <span class='ocrx_word' id='word_1_105' title='bbox 298 1776 452 1826; x_wconf 87' lang='lat' dir='ltr'>inuolucris</span> <span class='ocrx_word' id='word_1_106' title='bbox 471 1775 627 1826; x_wconf 84' lang='lat' dir='ltr'>chartarum</span> <span class='ocrx_word' id='word_1_107' title='bbox 645 1778 863 1843; x_wconf 74' lang='lat' dir='ltr'>segestriumque</span> <span class='ocrx_word' id='word_1_108' title='bbox 884 1777 1021 1826; x_wconf 82' lang='lat' dir='ltr'>mercibus</span> <span class='ocrx_word' id='word_1_109' title='bbox 1039 1793 1116 1828; x_wconf 86' lang='lat' dir='ltr'>usum</span> <span class='ocrx_word' id='word_1_110' title='bbox 1129 1779 1253 1843; x_wconf 85' lang='lat' dir='ltr'>praehet,</span> <span class='ocrx_word' id='word_1_111' title='bbox 1274 1780 1336 1830; x_wconf 93' lang='lat' dir='ltr'>idco</span> 
     </span>
     <span class='ocr_line' id='line_1_15' title="bbox 191 1844 1337 1911; baseline 0 -15"><span class='ocrx_word' id='word_1_112' title='bbox 191 1863 208 1896; x_wconf 92' lang='lat' dir='ltr'>a</span> <span class='ocrx_word' id='word_1_113' title='bbox 223 1844 429 1897; x_wconf 73' lang='lat' dir='ltr'>mercatoribus</span> <span class='ocrx_word' id='word_1_114' title='bbox 448 1845 654 1907; x_wconf 83' lang='lat' dir='ltr'>cognominata.</span> <span class='ocrx_word' id='word_1_115' title='bbox 690 1850 752 1909; x_wconf 89' lang='lat' dir='ltr'>post</span> <span class='ocrx_word' id='word_1_116' title='bbox 769 1844 841 1893; x_wconf 89' lang='lat' dir='ltr'>banc</span> <span class='ocrx_word' id='word_1_117' title='bbox 854 1860 986 1909; x_wconf 82' lang='lat' dir='ltr'>papyrum</span> <span class='ocrx_word' id='word_1_118' title='bbox 999 1851 1042 1895; x_wconf 88' lang='lat' dir='ltr'>est</span> <span class='ocrx_word' id='word_1_119' title='bbox 1060 1853 1263 1911; x_wconf 80' lang='lat' dir='ltr'>extrenmmquc</span> <span class='ocrx_word' id='word_1_120' title='bbox 1277 1850 1337 1897; x_wconf 90' lang='lat' dir='ltr'>cius</span> 
     </span>
     <span class='ocr_line' id='line_1_16' title="bbox 192 1911 1336 1979; baseline 0.003 -16"><span class='ocrx_word' id='word_1_121' title='bbox 192 1916 282 1979; x_wconf 82' lang='lat' dir='ltr'>scirpo</span> <span class='ocrx_word' id='word_1_122' title='bbox 301 1911 402 1970; x_wconf 77' lang='lat' dir='ltr'>simile,</span> <span class='ocrx_word' id='word_1_123' title='bbox 423 1926 457 1960; x_wconf 89' lang='lat' dir='ltr'>ac</span> <span class='ocrx_word' id='word_1_124' title='bbox 476 1927 510 1960; x_wconf 89' lang='lat' dir='ltr'>nc</span> <span class='ocrx_word' id='word_1_125' title='bbox 530 1912 641 1961; x_wconf 82' lang='lat' dir='ltr'>funibus</span> <span class='ocrx_word' id='word_1_126' title='bbox 660 1913 768 1977; x_wconf 87' lang='lat' dir='ltr'>quidem</span> <span class='ocrx_word' id='word_1_127' title='bbox 781 1913 835 1960; x_wconf 88' lang='lat' dir='ltr'>nisi</span> <span class='ocrx_word' id='word_1_128' title='bbox 850 1913 878 1960; x_wconf 93' lang='lat' dir='ltr'>in</span> <span class='ocrx_word' id='word_1_129' title='bbox 891 1927 982 1961; x_wconf 82' lang='lat' dir='ltr'>rrrrrorc</span> <span class='ocrx_word' id='word_1_130' title='bbox 1002 1913 1078 1962; x_wconf 85' lang='lat' dir='ltr'>utile.</span> <span class='ocrx_word' id='word_1_131' title='bbox 1116 1915 1230 1963; x_wconf 86' lang='lat' dir='ltr'>Texitur</span> <span class='ocrx_word' id='word_1_132' title='bbox 1248 1917 1336 1967; x_wconf 88' lang='lat' dir='ltr'>omnis</span> 
     </span>
     <span class='ocr_line' id='line_1_17' title="bbox 192 1977 1336 2046; baseline 0.002 -16"><span class='ocrx_word' id='word_1_133' title='bbox 192 1981 320 2030; x_wconf 86' lang='lat' dir='ltr'>madente</span> <span class='ocrx_word' id='word_1_134' title='bbox 344 1978 444 2027; x_wconf 84' lang='lat' dir='ltr'>tabula</span> <span class='ocrx_word' id='word_1_135' title='bbox 466 1977 524 2027; x_wconf 89' lang='lat' dir='ltr'>Nili</span> <span class='ocrx_word' id='word_1_136' title='bbox 549 1994 629 2043; x_wconf 86' lang='lat' dir='ltr'>aqua.</span> <span class='ocrx_word' id='word_1_137' title='bbox 671 1979 795 2030; x_wconf 85' lang='lat' dir='ltr'>turbidus</span> <span class='ocrx_word' id='word_1_138' title='bbox 818 1979 906 2043; x_wconf 87' lang='lat' dir='ltr'>liquor</span> <span class='ocrx_word' id='word_1_139' title='bbox 931 1979 985 2027; x_wconf 92' lang='lat' dir='ltr'>uim</span> <span class='ocrx_word' id='word_1_140' title='bbox 1008 1980 1124 2044; x_wconf 84' lang='lat' dir='ltr'>glutinis</span> <span class='ocrx_word' id='word_1_141' title='bbox 1146 1982 1271 2046; x_wconf 88' lang='lat' dir='ltr'>praebet.</span> <span class='ocrx_word' id='word_1_142' title='bbox 1308 1984 1336 2032; x_wconf 91' lang='lat' dir='ltr'>in</span> 
     </span>
     <span class='ocr_line' id='line_1_18' title="bbox 192 2036 1334 2114; baseline 0.001 -16"><span class='ocrx_word' id='word_1_143' title='bbox 192 2054 295 2098; x_wconf 82' lang='lat' dir='ltr'>rectum</span> <span class='ocrx_word' id='word_1_144' title='bbox 313 2036 404 2112; x_wconf 87' lang='lat' dir='ltr'>primo</span> <span class='ocrx_word' id='word_1_145' title='bbox 421 2047 524 2110; x_wconf 85' lang='lat' dir='ltr'>supina</span> <span class='ocrx_word' id='word_1_146' title='bbox 542 2046 655 2096; x_wconf 85' lang='lat' dir='ltr'>tabulae</span> <span class='ocrx_word' id='word_1_147' title='bbox 673 2046 776 2095; x_wconf 81' lang='lat' dir='ltr'>aelredo</span> <span class='ocrx_word' id='word_1_148' title='bbox 796 2046 927 2095; x_wconf 86' lang='lat' dir='ltr'>adlinitur</span> <span class='ocrx_word' id='word_1_149' title='bbox 946 2045 1117 2109; x_wconf 73' lang='lat' dir='ltr'>longitud&#39;me</span> <span class='ocrx_word' id='word_1_150' title='bbox 1142 2051 1240 2114; x_wconf 74' lang='lat' dir='ltr'>papyri</span> <span class='ocrx_word' id='word_1_151' title='bbox 1264 2065 1334 2114; x_wconf 92' lang='lat' dir='ltr'>quac</span> 
     </span>
     <span class='ocr_line' id='line_1_19' title="bbox 192 2114 1335 2181; baseline 0.003 -17"><span class='ocrx_word' id='word_1_152' title='bbox 192 2117 279 2181; x_wconf 90' lang='lat' dir='ltr'>potuit</span> <span class='ocrx_word' id='word_1_153' title='bbox 304 2129 368 2163; x_wconf 87' lang='lat' dir='ltr'>csse</span> <span class='ocrx_word' id='word_1_154' title='bbox 392 2114 594 2177; x_wconf 86' lang='lat' dir='ltr'>resegminibus</span> <span class='ocrx_word' id='word_1_155' title='bbox 619 2114 752 2178; x_wconf 87' lang='lat' dir='ltr'>utrimque</span> <span class='ocrx_word' id='word_1_156' title='bbox 778 2115 942 2178; x_wconf 84' lang='lat' dir='ltr'>amputatis,</span> <span class='ocrx_word' id='word_1_157' title='bbox 972 2120 1098 2164; x_wconf 88' lang='lat' dir='ltr'>trauersa</span> <span class='ocrx_word' id='word_1_158' title='bbox 1123 2122 1220 2181; x_wconf 86' lang='lat' dir='ltr'>postca</span> <span class='ocrx_word' id='word_1_159' title='bbox 1243 2125 1335 2168; x_wconf 87' lang='lat' dir='ltr'>crates</span> 
     </span>
     <span class='ocr_line' id='line_1_20' title="bbox 192 2180 1335 2248; baseline 0.003 -17"><span class='ocrx_word' id='word_1_160' title='bbox 192 2182 310 2247; x_wconf 74' lang='lat' dir='ltr'>peragit.</span> <span class='ocrx_word' id='word_1_161' title='bbox 348 2180 481 2245; x_wconf 88' lang='lat' dir='ltr'>premitur</span> <span class='ocrx_word' id='word_1_162' title='bbox 498 2180 598 2230; x_wconf 88' lang='lat' dir='ltr'>deinde</span> <span class='ocrx_word' id='word_1_163' title='bbox 617 2180 727 2246; x_wconf 82' lang='lat' dir='ltr'>praelis,</span> <span class='ocrx_word' id='word_1_164' title='bbox 748 2186 775 2229; x_wconf 88' lang='lat' dir='ltr'>et</span> <span class='ocrx_word' id='word_1_165' title='bbox 794 2182 935 2230; x_wconf 82' lang='lat' dir='ltr'>siccantur</span> <span class='ocrx_word' id='word_1_166' title='bbox 947 2181 1004 2230; x_wconf 88' lang='lat' dir='ltr'>sole</span> <span class='ocrx_word' id='word_1_167' title='bbox 1018 2182 1147 2247; x_wconf 77' lang='lat' dir='ltr'>plagulae</span> <span class='ocrx_word' id='word_1_168' title='bbox 1167 2189 1249 2248; x_wconf 87' lang='lat' dir='ltr'>atque</span> <span class='ocrx_word' id='word_1_169' title='bbox 1262 2186 1335 2234; x_wconf 87' lang='lat' dir='ltr'>inter</span> 
     </span>
     <span class='ocr_line' id='line_1_21' title="bbox 191 2248 1334 2314; baseline 0.001 -13"><span class='ocrx_word' id='word_1_170' title='bbox 191 2267 219 2301; x_wconf 78' lang='lat' dir='ltr'>rc</span> <span class='ocrx_word' id='word_1_171' title='bbox 242 2255 397 2314; x_wconf 81' lang='lat' dir='ltr'>iunguntur</span> <span class='ocrx_word' id='word_1_172' title='bbox 419 2263 612 2313; x_wconf 84' lang='lat' dir='ltr'>proxumarum</span> <span class='ocrx_word' id='word_1_173' title='bbox 631 2264 738 2313; x_wconf 86' lang='lat' dir='ltr'>semper</span> <span class='ocrx_word' id='word_1_174' title='bbox 756 2249 890 2298; x_wconf 88' lang='lat' dir='ltr'>bonitatis</span> <span class='ocrx_word' id='word_1_175' title='bbox 908 2248 1095 2300; x_wconf 84' lang='lat' dir='ltr'>deminutione</span> <span class='ocrx_word' id='word_1_176' title='bbox 1115 2251 1151 2300; x_wconf 91' lang='lat' dir='ltr'>ad</span> <span class='ocrx_word' id='word_1_177' title='bbox 1163 2252 1334 2302; x_wconf 86' lang='lat' dir='ltr'>deterrimas.</span> 
     </span>
     <span class='ocr_line' id='line_1_22' title="bbox 191 2315 1334 2382; baseline 0.001 -15"><span class='ocrx_word' id='word_1_178' title='bbox 191 2331 337 2382; x_wconf 79' lang='lat' dir='ltr'>numquam</span> <span class='ocrx_word' id='word_1_179' title='bbox 357 2315 449 2380; x_wconf 85' lang='lat' dir='ltr'>plures</span> <span class='ocrx_word' id='word_1_180' title='bbox 468 2331 553 2381; x_wconf 71' lang='lat' dir='ltr'>strupo</span> <span class='ocrx_word' id='word_1_181' title='bbox 572 2331 653 2380; x_wconf 91' lang='lat' dir='ltr'>quam</span> <span class='ocrx_word' id='word_1_182' title='bbox 672 2317 798 2365; x_wconf 87' lang='lat' dir='ltr'>nicenae.</span> <span class='ocrx_word' id='word_1_183' title='bbox 834 2317 938 2380; x_wconf 86' lang='lat' dir='ltr'>Magna</span> <span class='ocrx_word' id='word_1_184' title='bbox 956 2318 984 2366; x_wconf 91' lang='lat' dir='ltr'>iu</span> <span class='ocrx_word' id='word_1_185' title='bbox 1002 2317 1150 2368; x_wconf 88' lang='lat' dir='ltr'>latitudine</span> <span class='ocrx_word' id='word_1_186' title='bbox 1170 2335 1263 2368; x_wconf 90' lang='lat' dir='ltr'>carum</span> <span class='ocrx_word' id='word_1_187' title='bbox 1281 2320 1334 2369; x_wconf 82' lang='lat' dir='ltr'>dif-</span> 
     </span>
     <span class='ocr_line' id='line_1_23' title="bbox 192 2382 1334 2448; baseline 0.001 -14"><span class='ocrx_word' id='word_1_188' title='bbox 192 2384 324 2434; x_wconf 73' lang='lat' dir='ltr'>ferentia:</span> <span class='ocrx_word' id='word_1_189' title='bbox 343 2382 413 2432; x_wconf 85' lang='lat' dir='ltr'>XIII</span> <span class='ocrx_word' id='word_1_190' title='bbox 431 2382 579 2446; x_wconf 79' lang='lat' dir='ltr'>digitorum</span> <span class='ocrx_word' id='word_1_191' title='bbox 598 2384 723 2448; x_wconf 82' lang='lat' dir='ltr'>optumis,</span> <span class='ocrx_word' id='word_1_192' title='bbox 744 2383 796 2433; x_wconf 92' lang='lat' dir='ltr'>duo</span> <span class='ocrx_word' id='word_1_193' title='bbox 810 2383 992 2433; x_wconf 89' lang='lat' dir='ltr'>detrahuntur</span> <span class='ocrx_word' id='word_1_194' title='bbox 1004 2384 1167 2446; x_wconf 79' lang='lat' dir='ltr'>hieraticae,</span> <span class='ocrx_word' id='word_1_195' title='bbox 1187 2387 1334 2435; x_wconf 78' lang='lat' dir='ltr'>Fanniana</span> 
     </span>
     <span class='ocr_line' id='line_1_24' title="bbox 192 2450 1334 2515; baseline 0 -13"><span class='ocrx_word' id='word_1_196' title='bbox 192 2452 273 2502; x_wconf 80' lang='lat' dir='ltr'>denos</span> <span class='ocrx_word' id='word_1_197' title='bbox 283 2450 381 2511; x_wconf 80' lang='lat' dir='ltr'>babet,</span> <span class='ocrx_word' id='word_1_198' title='bbox 401 2455 429 2499; x_wconf 88' lang='lat' dir='ltr'>et</span> <span class='ocrx_word' id='word_1_199' title='bbox 441 2465 495 2500; x_wconf 92' lang='lat' dir='ltr'>nno</span> <span class='ocrx_word' id='word_1_200' title='bbox 506 2451 594 2499; x_wconf 82' lang='lat' dir='ltr'>suiuus</span> <span class='ocrx_word' id='word_1_201' title='bbox 607 2451 872 2515; x_wconf 82' lang='lat' dir='ltr'>amplrithcutritica,</span> <span class='ocrx_word' id='word_1_202' title='bbox 893 2453 1038 2515; x_wconf 87' lang='lat' dir='ltr'>pauciores</span> <span class='ocrx_word' id='word_1_203' title='bbox 1050 2454 1157 2501; x_wconf 72' lang='lat' dir='ltr'>Saitica</span> <span class='ocrx_word' id='word_1_204' title='bbox 1170 2468 1221 2502; x_wconf 89' lang='lat' dir='ltr'>nec</span> <span class='ocrx_word' id='word_1_205' title='bbox 1235 2454 1334 2504; x_wconf 89' lang='lat' dir='ltr'>malleo</span> 
     </span>
     <span class='ocr_line' id='line_1_25' title="bbox 192 2518 1334 2584; baseline 0.001 -15"><span class='ocrx_word' id='word_1_206' title='bbox 192 2518 307 2577; x_wconf 75' lang='lat' dir='ltr'>suflicit:</span> <span class='ocrx_word' id='word_1_207' title='bbox 332 2533 396 2566; x_wconf 89' lang='lat' dir='ltr'>nam</span> <span class='ocrx_word' id='word_1_208' title='bbox 419 2518 599 2582; x_wconf 82' lang='lat' dir='ltr'>emporiticae</span> <span class='ocrx_word' id='word_1_209' title='bbox 618 2519 742 2568; x_wconf 85' lang='lat' dir='ltr'>breuitas</span> <span class='ocrx_word' id='word_1_210' title='bbox 766 2534 813 2567; x_wconf 85' lang='lat' dir='ltr'>sex</span> <span class='ocrx_word' id='word_1_211' title='bbox 837 2519 939 2583; x_wconf 87' lang='lat' dir='ltr'>digitos</span> <span class='ocrx_word' id='word_1_212' title='bbox 961 2535 1015 2567; x_wconf 81' lang='lat' dir='ltr'>riou</span> <span class='ocrx_word' id='word_1_213' title='bbox 1034 2519 1151 2568; x_wconf 85' lang='lat' dir='ltr'>excedit.</span> <span class='ocrx_word' id='word_1_214' title='bbox 1188 2528 1334 2584; x_wconf 86' lang='lat' dir='ltr'>praetcrea</span> 
     </span>
     <span class='ocr_line' id='line_1_26' title="bbox 192 2584 1335 2651; baseline -0.001 -14"><span class='ocrx_word' id='word_1_215' title='bbox 192 2592 334 2651; x_wconf 82' lang='lat' dir='ltr'>spectatur</span> <span class='ocrx_word' id='word_1_216' title='bbox 352 2586 381 2633; x_wconf 92' lang='lat' dir='ltr'>in</span> <span class='ocrx_word' id='word_1_217' title='bbox 400 2584 504 2635; x_wconf 83' lang='lat' dir='ltr'>chartis</span> <span class='ocrx_word' id='word_1_218' title='bbox 524 2586 645 2634; x_wconf 87' lang='lat' dir='ltr'>tenuitas</span> <span class='ocrx_word' id='word_1_219' title='bbox 664 2586 787 2634; x_wconf 77' lang='lat' dir='ltr'>densitas</span> <span class='ocrx_word' id='word_1_220' title='bbox 807 2586 909 2634; x_wconf 86' lang='lat' dir='ltr'>candor</span> <span class='ocrx_word' id='word_1_221' title='bbox 928 2586 1011 2634; x_wconf 88' lang='lat' dir='ltr'>lcuor.</span> <span class='ocrx_word' id='word_1_222' title='bbox 1048 2588 1198 2635; x_wconf 78' lang='lat' dir='ltr'>Primatum</span> <span class='ocrx_word' id='word_1_223' title='bbox 1217 2590 1335 2636; x_wconf 88' lang='lat' dir='ltr'>mutauit</span> 
     </span>
     <span class='ocr_line' id='line_1_27' title="bbox 192 2653 1334 2717; baseline -0.001 -13"><span class='ocrx_word' id='word_1_224' title='bbox 192 2654 322 2704; x_wconf 83' lang='lat' dir='ltr'>Claudius</span> <span class='ocrx_word' id='word_1_225' title='bbox 347 2654 466 2713; x_wconf 56' lang='lat' dir='ltr'>Caesam</span> <span class='ocrx_word' id='word_1_226' title='bbox 498 2654 583 2701; x_wconf 85' lang='lat' dir='ltr'>rrnnia</span> <span class='ocrx_word' id='word_1_227' title='bbox 607 2655 707 2717; x_wconf 79' lang='lat' dir='ltr'>‹prippe</span> <span class='ocrx_word' id='word_1_228' title='bbox 732 2654 873 2716; x_wconf 81' lang='lat' dir='ltr'>dugustae</span> <span class='ocrx_word' id='word_1_229' title='bbox 896 2656 1017 2702; x_wconf 85' lang='lat' dir='ltr'>tenuitas</span> <span class='ocrx_word' id='word_1_230' title='bbox 1036 2653 1187 2702; x_wconf 77' lang='lat' dir='ltr'>tolerandis</span> <span class='ocrx_word' id='word_1_231' title='bbox 1207 2670 1259 2702; x_wconf 90' lang='lat' dir='ltr'>non</span> <span class='ocrx_word' id='word_1_232' title='bbox 1278 2657 1334 2703; x_wconf 91' lang='lat' dir='ltr'>sut&#39;-</span> 
     </span>
     <span class='ocr_line' id='line_1_28' title="bbox 193 2720 1333 2775; baseline 0 -5"><span class='ocrx_word' id='word_1_233' title='bbox 193 2721 302 2770; x_wconf 89' lang='lat' dir='ltr'>licicbat</span> <span class='ocrx_word' id='word_1_234' title='bbox 329 2721 459 2775; x_wconf 76' lang='lat' dir='ltr'>calamis:</span> <span class='ocrx_word' id='word_1_235' title='bbox 485 2720 519 2767; x_wconf 90' lang='lat' dir='ltr'>ad</span> <span class='ocrx_word' id='word_1_236' title='bbox 542 2720 593 2769; x_wconf 91' lang='lat' dir='ltr'>hoc</span> <span class='ocrx_word' id='word_1_237' title='bbox 618 2721 774 2768; x_wconf 85' lang='lat' dir='ltr'>tramittens</span> <span class='ocrx_word' id='word_1_238' title='bbox 803 2720 899 2769; x_wconf 85' lang='lat' dir='ltr'>literas</span> <span class='ocrx_word' id='word_1_239' title='bbox 928 2722 1027 2769; x_wconf 89' lang='lat' dir='ltr'>liturae</span> <span class='ocrx_word' id='word_1_240' title='bbox 1058 2727 1157 2769; x_wconf 88' lang='lat' dir='ltr'>metum</span> <span class='ocrx_word' id='word_1_241' title='bbox 1187 2722 1333 2770; x_wconf 80' lang='lat' dir='ltr'>adiciebat</span> 
     </span>
     <span class='ocr_line' id='line_1_29' title="bbox 194 2787 1334 2851; baseline 0.001 -14"><span class='ocrx_word' id='word_1_242' title='bbox 194 2806 222 2838; x_wconf 81' lang='lat' dir='ltr'>ex</span> <span class='ocrx_word' id='word_1_243' title='bbox 242 2789 359 2837; x_wconf 87' lang='lat' dir='ltr'>auersis.</span> <span class='ocrx_word' id='word_1_244' title='bbox 378 2793 406 2835; x_wconf 93' lang='lat' dir='ltr'>ct</span> <span class='ocrx_word' id='word_1_245' title='bbox 425 2787 497 2835; x_wconf 86' lang='lat' dir='ltr'>alias</span> <span class='ocrx_word' id='word_1_246' title='bbox 516 2787 645 2837; x_wconf 88' lang='lat' dir='ltr'>indecoro</span> <span class='ocrx_word' id='word_1_247' title='bbox 665 2790 726 2836; x_wconf 70' lang='lat' dir='ltr'>{risu</span> <span class='ocrx_word' id='word_1_248' title='bbox 745 2787 941 2851; x_wconf 87' lang='lat' dir='ltr'>pertralucida.</span> <span class='ocrx_word' id='word_1_249' title='bbox 978 2789 1063 2851; x_wconf 79' lang='lat' dir='ltr'>igitur</span> <span class='ocrx_word' id='word_1_250' title='bbox 1086 2806 1100 2836; x_wconf 87' lang='lat' dir='ltr'>c</span> <span class='ocrx_word' id='word_1_251' title='bbox 1120 2789 1240 2838; x_wconf 78' lang='lat' dir='ltr'>scrurndo</span> <span class='ocrx_word' id='word_1_252' title='bbox 1260 2791 1334 2838; x_wconf 88' lang='lat' dir='ltr'>corio</span> 
     </span>
     <span class='ocr_line' id='line_1_30' title="bbox 192 2855 1333 2920; baseline 0 -15"><span class='ocrx_word' id='word_1_253' title='bbox 192 2857 342 2905; x_wconf 84' lang='lat' dir='ltr'>statumina</span> <span class='ocrx_word' id='word_1_254' title='bbox 361 2855 439 2903; x_wconf 81' lang='lat' dir='ltr'>lacta</span> <span class='ocrx_word' id='word_1_255' title='bbox 457 2860 520 2903; x_wconf 85' lang='lat' dir='ltr'>srrut</span> <span class='ocrx_word' id='word_1_256' title='bbox 539 2859 566 2902; x_wconf 84' lang='lat' dir='ltr'>ut</span> <span class='ocrx_word' id='word_1_257' title='bbox 585 2857 670 2918; x_wconf 80' lang='lat' dir='ltr'>priuno</span> <span class='ocrx_word' id='word_1_258' title='bbox 690 2855 854 2904; x_wconf 83' lang='lat' dir='ltr'>subtemina.</span> <span class='ocrx_word' id='word_1_259' title='bbox 892 2856 968 2904; x_wconf 74' lang='lat' dir='ltr'>ararit</span> <span class='ocrx_word' id='word_1_260' title='bbox 987 2863 1014 2903; x_wconf 90' lang='lat' dir='ltr'>et</span> <span class='ocrx_word' id='word_1_261' title='bbox 1033 2856 1221 2916; x_wconf 88' lang='lat' dir='ltr'>latitudinem,</span> <span class='ocrx_word' id='word_1_262' title='bbox 1240 2858 1333 2920; x_wconf 88' lang='lat' dir='ltr'>pedali</span> 
     </span>
     <span class='ocr_line' id='line_1_31' title="bbox 194 2921 1333 2988; baseline 0 -15"><span class='ocrx_word' id='word_1_263' title='bbox 194 2939 328 2973; x_wconf 84' lang='lat' dir='ltr'>mensura.</span> <span class='ocrx_word' id='word_1_264' title='bbox 367 2929 426 2971; x_wconf 92' lang='lat' dir='ltr'>crat</span> <span class='ocrx_word' id='word_1_265' title='bbox 446 2929 474 2970; x_wconf 92' lang='lat' dir='ltr'>et</span> <span class='ocrx_word' id='word_1_266' title='bbox 493 2921 624 2970; x_wconf 89' lang='lat' dir='ltr'>cubitalis</span> <span class='ocrx_word' id='word_1_267' title='bbox 643 2922 832 2979; x_wconf 75' lang='lat' dir='ltr'>nracrocollis,</span> <span class='ocrx_word' id='word_1_268' title='bbox 857 2923 906 2971; x_wconf 87' lang='lat' dir='ltr'>sed</span> <span class='ocrx_word' id='word_1_269' title='bbox 933 2924 1005 2971; x_wconf 88' lang='lat' dir='ltr'>ratio</span> <span class='ocrx_word' id='word_1_270' title='bbox 1029 2923 1211 2988; x_wconf 87' lang='lat' dir='ltr'>deprehendit</span> <span class='ocrx_word' id='word_1_271' title='bbox 1235 2925 1333 2973; x_wconf 88' lang='lat' dir='ltr'>uitium</span> 
     </span>
     <span class='ocr_line' id='line_1_32' title="bbox 192 2988 1334 3056; baseline 0 -16"><span class='ocrx_word' id='word_1_272' title='bbox 192 2992 269 3040; x_wconf 82' lang='lat' dir='ltr'>unius</span> <span class='ocrx_word' id='word_1_273' title='bbox 292 2989 387 3038; x_wconf 87' lang='lat' dir='ltr'>scidae</span> <span class='ocrx_word' id='word_1_274' title='bbox 406 2988 560 3038; x_wconf 87' lang='lat' dir='ltr'>renolsionc</span> <span class='ocrx_word' id='word_1_275' title='bbox 580 2990 665 3053; x_wconf 83' lang='lat' dir='ltr'>pluris</span> <span class='ocrx_word' id='word_1_276' title='bbox 685 2991 835 3038; x_wconf 77' lang='lat' dir='ltr'>infestante</span> <span class='ocrx_word' id='word_1_277' title='bbox 855 2991 982 3055; x_wconf 82' lang='lat' dir='ltr'>paginas.</span> <span class='ocrx_word' id='word_1_278' title='bbox 1018 2991 1052 3039; x_wconf 91' lang='lat' dir='ltr'>ob</span> <span class='ocrx_word' id='word_1_279' title='bbox 1071 2991 1141 3040; x_wconf 87' lang='lat' dir='ltr'>hace</span> <span class='ocrx_word' id='word_1_280' title='bbox 1161 3007 1193 3040; x_wconf 82' lang='lat' dir='ltr'>cx</span> <span class='ocrx_word' id='word_1_281' title='bbox 1207 2991 1334 3056; x_wconf 88' lang='lat' dir='ltr'>praelata</span> 
     </span>
     <span class='ocr_line' id='line_1_33' title="bbox 193 3056 1333 3121; baseline 0.001 -14"><span class='ocrx_word' id='word_1_282' title='bbox 193 3058 315 3107; x_wconf 82' lang='lat' dir='ltr'>omnibus</span> <span class='ocrx_word' id='word_1_283' title='bbox 342 3056 473 3116; x_wconf 77' lang='lat' dir='ltr'>t&#39;laudia,</span> <span class='ocrx_word' id='word_1_284' title='bbox 502 3057 643 3121; x_wconf 80' lang='lat' dir='ltr'>Augustae</span> <span class='ocrx_word' id='word_1_285' title='bbox 672 3058 701 3106; x_wconf 89' lang='lat' dir='ltr'>in</span> <span class='ocrx_word' id='word_1_286' title='bbox 731 3058 855 3121; x_wconf 85' lang='lat' dir='ltr'>epistulis</span> <span class='ocrx_word' id='word_1_287' title='bbox 880 3059 1033 3106; x_wconf 87' lang='lat' dir='ltr'>auctoritas</span> <span class='ocrx_word' id='word_1_288' title='bbox 1064 3058 1172 3107; x_wconf 80' lang='lat' dir='ltr'>relicta,</span> <span class='ocrx_word' id='word_1_289' title='bbox 1213 3061 1333 3109; x_wconf 88' lang='lat' dir='ltr'>Liuiana</span> 
     </span>
     <span class='ocr_line' id='line_1_34' title="bbox 193 3123 1255 3190; baseline 0.001 -16"><span class='ocrx_word' id='word_1_290' title='bbox 193 3140 266 3175; x_wconf 85' lang='lat' dir='ltr'>suam</span> <span class='ocrx_word' id='word_1_291' title='bbox 286 3125 385 3181; x_wconf 76' lang='lat' dir='ltr'>tenuit,</span> <span class='ocrx_word' id='word_1_292' title='bbox 404 3125 449 3173; x_wconf 90' lang='lat' dir='ltr'>eui</span> <span class='ocrx_word' id='word_1_293' title='bbox 468 3123 537 3172; x_wconf 92' lang='lat' dir='ltr'>nihil</span> <span class='ocrx_word' id='word_1_294' title='bbox 555 3141 569 3172; x_wconf 91' lang='lat' dir='ltr'>c</span> <span class='ocrx_word' id='word_1_295' title='bbox 589 3126 676 3187; x_wconf 84' lang='lat' dir='ltr'>prima</span> <span class='ocrx_word' id='word_1_296' title='bbox 695 3130 755 3173; x_wconf 90' lang='lat' dir='ltr'>erat</span> <span class='ocrx_word' id='word_1_297' title='bbox 772 3125 821 3173; x_wconf 88' lang='lat' dir='ltr'>sed</span> <span class='ocrx_word' id='word_1_298' title='bbox 840 3126 931 3173; x_wconf 88' lang='lat' dir='ltr'>omnia</span> <span class='ocrx_word' id='word_1_299' title='bbox 951 3142 965 3173; x_wconf 92' lang='lat' dir='ltr'>c</span> <span class='ocrx_word' id='word_1_300' title='bbox 984 3124 1125 3174; x_wconf 59' lang='lat' dir='ltr'>secunda!</span> <span class='ocrx_word' id='word_1_301' title='bbox 1145 3143 1168 3174; x_wconf 86' lang='lat' dir='ltr'>e.</span> <span class='ocrx_word' id='word_1_302' title='bbox 1189 3143 1214 3190; x_wconf 87' lang='lat' dir='ltr'>q.</span> <span class='ocrx_word' id='word_1_303' title='bbox 1233 3143 1255 3175; x_wconf 87' lang='lat' dir='ltr'>s.</span> 
     </span>
     <span class='ocr_line' id='line_1_35' title="bbox 276 3190 1387 3256; baseline 0.001 -14"><span class='ocrx_word' id='word_1_304' title='bbox 276 3190 347 3242; x_wconf 80' lang='grc'>1111*</span> <span class='ocrx_word' id='word_1_305' title='bbox 372 3191 492 3240; x_wconf 86' lang='lat' dir='ltr'>Isidorus</span> <span class='ocrx_word' id='word_1_306' title='bbox 516 3193 604 3256; x_wconf 84' lang='lat' dir='ltr'>origg.</span> <span class='ocrx_word' id='word_1_307' title='bbox 624 3192 660 3240; x_wconf 82' lang='lat' dir='ltr'>l&#39;I</span> <span class='ocrx_word' id='word_1_308' title='bbox 688 3191 731 3240; x_wconf 76' lang='lat'>12:</span> <span class='ocrx_word' id='word_1_309' title='bbox 756 3193 813 3240; x_wconf 78' lang='lat' dir='ltr'>‘Ile</span> <span class='ocrx_word' id='word_1_310' title='bbox 839 3192 916 3241; x_wconf 83' lang='lat' dir='ltr'>libris</span> <span class='ocrx_word' id='word_1_311' title='bbox 935 3192 1124 3241; x_wconf 79' lang='lat' dir='ltr'>coriticiendis.</span> <span class='ocrx_word' id='word_1_312' title='bbox 1161 3193 1333 3254; x_wconf 74' lang='lat' dir='ltr'>Quiacdam</span> <span class='ocrx_word' id='word_1_313' title='bbox 1382 3190 1387 3203; x_wconf 75' lang='grc'><em>“</em></span> 
     </span>
    </p>

    <p class='ocr_par' dir='ltr' id='par_1_6' title="bbox 192 3258 1372 3466">
     <span class='ocr_line' id='line_1_36' title="bbox 192 3258 1332 3323; baseline 0.002 -14"><span class='ocrx_word' id='word_1_314' title='bbox 192 3276 320 3321; x_wconf 77' lang='lat' dir='ltr'>genera</span> <span class='ocrx_word' id='word_1_315' title='bbox 338 3258 503 3322; x_wconf 76' lang='lat' dir='ltr'>librorum</span> <span class='ocrx_word' id='word_1_316' title='bbox 522 3259 594 3323; x_wconf 89' lang='lat' dir='ltr'>apud</span> <span class='ocrx_word' id='word_1_317' title='bbox 613 3259 732 3321; x_wconf 73' lang='lat' dir='ltr'>gentiles</span> <span class='ocrx_word' id='word_1_318' title='bbox 752 3261 858 3308; x_wconf 64' lang='lat' dir='ltr'>[sertis</span> <span class='ocrx_word' id='word_1_319' title='bbox 949 3259 1170 3323; x_wconf 71' lang='lat' dir='ltr'>expolitumt’</span> <span class='ocrx_word' id='word_1_320' title='bbox 1210 3260 1252 3309; x_wconf 76' lang='lat'>13:</span> <span class='ocrx_word' id='word_1_321' title='bbox 1278 3262 1332 3311; x_wconf 83' lang='lat' dir='ltr'>‘lte</span> 
     </span>
     <span class='ocr_line' id='line_1_37' title="bbox 192 3325 1332 3392; baseline 0.002 -17"><span class='ocrx_word' id='word_1_322' title='bbox 192 3327 320 3377; x_wconf 90' lang='lat' dir='ltr'>librorum</span> <span class='ocrx_word' id='word_1_323' title='bbox 342 3325 497 3375; x_wconf 89' lang='lat' dir='ltr'>uocabulis.</span> <span class='ocrx_word' id='word_1_324' title='bbox 538 3326 651 3375; x_wconf 81' lang='lat' dir='ltr'>Codex</span> <span class='ocrx_word' id='word_1_325' title='bbox 670 3327 846 3376; x_wconf 78' lang='lat' dir='ltr'>inultorum</span> <span class='ocrx_word' id='word_1_326' title='bbox 942 3326 1070 3386; x_wconf 78' lang='lat' dir='ltr'>(lictus,</span> <span class='ocrx_word' id='word_1_327' title='bbox 1095 3329 1168 3376; x_wconf 81' lang='lat' dir='ltr'>sicrrt</span> <span class='ocrx_word' id='word_1_328' title='bbox 1187 3327 1258 3392; x_wconf 88' lang='lat' dir='ltr'>apud</span> <span class='ocrx_word' id='word_1_329' title='bbox 1278 3329 1332 3377; x_wconf 90' lang='lat' dir='ltr'>lle·</span> 
     </span>
     <span class='ocr_line' id='line_1_38' title="bbox 192 3392 1372 3466; baseline 0.001 -23"><span class='ocrx_word' id='word_1_330' title='bbox 192 3395 289 3445; x_wconf 85' lang='lat' dir='ltr'>bracos</span> <span class='ocrx_word' id='word_1_331' title='bbox 313 3392 456 3442; x_wconf 81' lang='lat' dir='ltr'>uolmuimt</span> <span class='ocrx_word' id='word_1_332' title='bbox 480 3393 564 3455; x_wconf 73' lang='lat' dir='ltr'>legis,</span> <span class='ocrx_word' id='word_1_333' title='bbox 591 3393 731 3443; x_wconf 89' lang='lat' dir='ltr'>uolumina</span> <span class='ocrx_word' id='word_1_334' title='bbox 756 3394 957 3458; x_wconf 87' lang='lat' dir='ltr'>prophetarum.</span> <span class='ocrx_word' id='word_1_335' title='bbox 999 3393 1089 3443; x_wconf 89' lang='lat' dir='ltr'>liber</span> <span class='ocrx_word' id='word_1_336' title='bbox 1113 3402 1165 3444; x_wconf 91' lang='lat' dir='ltr'>cst</span> <span class='ocrx_word' id='word_1_337' title='bbox 1185 3396 1333 3446; x_wconf 83' lang='lat' dir='ltr'>interior</span> <span class='ocrx_word' id='word_1_338' title='bbox 1364 3456 1372 3466; x_wconf 34' lang='grc' dir='ltr'>ι</span> 
     </span>
    </p>
   </div>
   <div class='ocr_carea' id='block_1_4' title="bbox 193 3495 392 3506">
    <p class='ocr_par' dir='ltr' id='par_1_7' title="bbox 193 3495 392 3506">
     <span class='ocr_line' id='line_1_39' title="bbox 193 3495 392 3506; baseline -0.005 0"><span class='ocrx_word' id='word_1_339' title='bbox 193 3495 392 3506; x_wconf 80' lang='grc'>-----</span> 
     </span>
    </p>
   </div>
   <div class='ocr_carea' id='block_1_5' title="bbox 193 3544 1335 3714">
    <p class='ocr_par' dir='ltr' id='par_1_8' title="bbox 193 3544 1335 3714">
     <span class='ocr_line' id='line_1_40' title="bbox 276 3544 1335 3631; baseline 0.001 -25"><span class='ocrx_word' id='word_1_340' title='bbox 276 3560 286 3608; x_wconf 89' lang='lat' dir='ltr'>t</span> <span class='ocrx_word' id='word_1_341' title='bbox 305 3549 456 3631; x_wconf 74' lang='lat' dir='ltr'>l&#39;arysteo</span> <span class='ocrx_word' id='word_1_342' title='bbox 468 3552 621 3604; x_wconf 75' lang='lat' dir='ltr'>Arrenius:</span> <span class='ocrx_word' id='word_1_343' title='bbox 638 3547 828 3605; x_wconf 87' lang='lat' dir='ltr'>cucharistco</span> <span class='ocrx_word' id='word_1_344' title='bbox 842 3549 956 3605; x_wconf 62' lang='lat' dir='ltr'>ittonae.</span> <span class='ocrx_word' id='word_1_345' title='bbox 971 3551 1054 3619; x_wconf 71' lang='lat' dir='ltr'>rulqo</span> <span class='ocrx_word' id='word_1_346' title='bbox 1068 3544 1081 3628; x_wconf 91' lang='grc'>11</span> <span class='ocrx_word' id='word_1_347' title='bbox 1097 3557 1114 3607; x_wconf 72' lang='grc'>2</span> <span class='ocrx_word' id='word_1_348' title='bbox 1128 3549 1246 3624; x_wconf 85' lang='lat' dir='ltr'>fulgore</span> <span class='ocrx_word' id='word_1_349' title='bbox 1254 3552 1306 3607; x_wconf 66' lang='grc' dir='ltr'><em>(ἔτι.</em></span> <span class='ocrx_word' id='word_1_350' title='bbox 1318 3557 1335 3607; x_wconf 83' lang='grc'><em>2</em></span> 
     </span>
     <span class='ocr_line' id='line_1_41' title="bbox 193 3628 1333 3714; baseline 0.001 -24"><span class='ocrx_word' id='word_1_351' title='bbox 193 3700 196 3709; x_wconf 38' lang='grc'>,</span> <span class='ocrx_word' id='word_1_352' title='bbox 214 3632 337 3691; x_wconf 85' lang='lat' dir='ltr'>hebetet</span> <span class='ocrx_word' id='word_1_353' title='bbox 353 3642 383 3689; x_wconf 89' lang='lat' dir='ltr'>at</span> <span class='ocrx_word' id='word_1_354' title='bbox 399 3636 519 3705; x_wconf 80' lang='lat' dir='ltr'>scripsi:</span> <span class='ocrx_word' id='word_1_355' title='bbox 552 3632 676 3689; x_wconf 87' lang='lat' dir='ltr'>hebetat</span> <span class='ocrx_word' id='word_1_356' title='bbox 693 3643 720 3689; x_wconf 88' lang='lat' dir='ltr'>ct</span> <span class='ocrx_word' id='word_1_357' title='bbox 737 3636 804 3688; x_wconf 82' lang='lat' dir='ltr'>libri</span> <span class='ocrx_word' id='word_1_358' title='bbox 818 3631 943 3690; x_wconf 86' lang='lat' dir='ltr'>hebetet</span> <span class='ocrx_word' id='word_1_359' title='bbox 961 3641 988 3689; x_wconf 90' lang='lat' dir='ltr'>et</span> <span class='ocrx_word' id='word_1_360' title='bbox 1007 3638 1146 3690; x_wconf 73' lang='lat' dir='ltr'>Arrenius</span> <span class='ocrx_word' id='word_1_361' title='bbox 1162 3628 1175 3714; x_wconf 92' lang='grc'>11</span> <span class='ocrx_word' id='word_1_362' title='bbox 1191 3632 1333 3712; x_wconf 79' lang='lat' dir='ltr'>Carystci</span> 
     </span>
    </p>
   </div>
   <div class='ocr_carea' id='block_1_6' title="bbox 303 3711 427 3749">
    <p class='ocr_par' dir='ltr' id='par_1_9' title="bbox 303 3711 427 3749">
     <span class='ocr_line' id='line_1_42' title="bbox 303 3711 427 3749; baseline -0.016 -1"><span class='ocrx_word' id='word_1_363' title='bbox 303 3711 427 3749; x_wconf 67' lang='lat' dir='ltr'>erubuisti</span> 
     </span>
    </p>
   </div>
   <div class='ocr_carea' id='block_1_7' title="bbox 194 3762 1353 3887">
    <p class='ocr_par' dir='ltr' id='par_1_10' title="bbox 194 3762 1353 3887">
     <span class='ocr_line' id='line_1_43' title="bbox 194 3762 1353 3846; baseline 0.002 -23"><span class='ocrx_word' id='word_1_364' title='bbox 194 3776 267 3826; x_wconf 68' lang='lat' dir='ltr'>freto:</span> <span class='ocrx_word' id='word_1_365' title='bbox 298 3767 402 3826; x_wconf 77' lang='lat' dir='ltr'>carisii</span> <span class='ocrx_word' id='word_1_366' title='bbox 426 3768 534 3822; x_wconf 80' lang='lat' dir='ltr'>lionae.</span> <span class='ocrx_word' id='word_1_367' title='bbox 553 3767 733 3824; x_wconf 85' lang='lat' dir='ltr'>eucharistie</span> <span class='ocrx_word' id='word_1_368' title='bbox 757 3770 809 3824; x_wconf 83' lang='lat' dir='ltr'>Ga.</span> <span class='ocrx_word' id='word_1_369' title='bbox 828 3773 844 3823; x_wconf 83' lang='lat'><em>1</em></span> <span class='ocrx_word' id='word_1_370' title='bbox 868 3762 880 3846; x_wconf 90' lang='grc'>11</span> <span class='ocrx_word' id='word_1_371' title='bbox 901 3768 1163 3827; x_wconf 81' lang='lat' dir='ltr'>3nruumularium</span> <span class='ocrx_word' id='word_1_372' title='bbox 1184 3769 1298 3825; x_wconf 84' lang='lat' dir='ltr'>Monac.</span> <span class='ocrx_word' id='word_1_373' title='bbox 1320 3764 1353 3845; x_wconf 92' lang='grc'>11</span> 
     </span>
     <span class='ocr_line' id='line_1_44' title="bbox 230 3862 243 3887; baseline 0 0"><span class='ocrx_word' id='word_1_374' title='bbox 230 3862 243 3887; x_wconf 70' lang='lat'>³</span> 
     </span>
    </p>
   </div>
   <div class='ocr_carea' id='block_1_8' title="bbox 193 3895 1374 4068">
    <p class='ocr_par' dir='ltr' id='par_1_11' title="bbox 193 3895 1374 4068">
     <span class='ocr_line' id='line_1_45' title="bbox 193 3895 1374 3982; baseline 0.001 -23"><span class='ocrx_word' id='word_1_375' title='bbox 193 3904 290 3961; x_wconf 72' lang='lat' dir='ltr'>lsrrruis</span> <span class='ocrx_word' id='word_1_376' title='bbox 306 3903 419 3959; x_wconf 82' lang='lat' dir='ltr'>dloaae.</span> <span class='ocrx_word' id='word_1_377' title='bbox 437 3897 450 3982; x_wconf 89' lang='grc'>11</span> <span class='ocrx_word' id='word_1_378' title='bbox 467 3903 495 3958; x_wconf 92' lang='lat' dir='ltr'>in</span> <span class='ocrx_word' id='word_1_379' title='bbox 511 3902 632 3959; x_wconf 89' lang='lat' dir='ltr'>mirteos</span> <span class='ocrx_word' id='word_1_380' title='bbox 649 3903 760 3959; x_wconf 82' lang='lat' dir='ltr'>dionae.</span> <span class='ocrx_word' id='word_1_381' title='bbox 776 3904 828 3958; x_wconf 86' lang='lat' dir='ltr'>Gu.</span> <span class='ocrx_word' id='word_1_382' title='bbox 846 3902 902 3959; x_wconf 86' lang='lat' dir='ltr'>liu</span> <span class='ocrx_word' id='word_1_383' title='bbox 915 3914 1047 3960; x_wconf 78' lang='lat' dir='ltr'>rrumteos</span> <span class='ocrx_word' id='word_1_384' title='bbox 1066 3908 1118 3960; x_wconf 74' lang='lat' dir='ltr'>(lu.</span> <span class='ocrx_word' id='word_1_385' title='bbox 1138 3895 1203 3967; x_wconf 63' lang='lat' dir='ltr'>:din</span> <span class='ocrx_word' id='word_1_386' title='bbox 1218 3922 1272 3976; x_wconf 72' lang='lat' dir='ltr'>rap.</span> <span class='ocrx_word' id='word_1_387' title='bbox 1293 3903 1332 3960; x_wconf 91' lang='lat' dir='ltr'>al.</span> <span class='ocrx_word' id='word_1_388' title='bbox 1366 3947 1374 3966; x_wconf 84' lang='lat'><strong>.</strong></span> 
     </span>
     <span class='ocr_line' id='line_1_46' title="bbox 193 3982 1333 4068; baseline 0 -25"><span class='ocrx_word' id='word_1_389' title='bbox 193 3988 337 4064; x_wconf 81' lang='lat' dir='ltr'>mirricos)</span> <span class='ocrx_word' id='word_1_390' title='bbox 355 3983 370 4068; x_wconf 94' lang='grc'>11</span> <span class='ocrx_word' id='word_1_391' title='bbox 384 3986 582 4063; x_wconf 71' lang='lat' dir='ltr'>tscrrlptores</span> <span class='ocrx_word' id='word_1_392' title='bbox 598 3988 665 4042; x_wconf 86' lang='lat' dir='ltr'>libri</span> <span class='ocrx_word' id='word_1_393' title='bbox 687 3982 700 4065; x_wconf 84' lang='grc'>11</span> <span class='ocrx_word' id='word_1_394' title='bbox 721 3997 737 4048; x_wconf 81' lang='lat'><strong>6</strong></span> <span class='ocrx_word' id='word_1_395' title='bbox 756 3995 835 4044; x_wconf 73' lang='lat' dir='ltr'>ut-</span> <span class='ocrx_word' id='word_1_396' title='bbox 850 3995 989 4043; x_wconf 87' lang='lat' dir='ltr'>recrceut</span> <span class='ocrx_word' id='word_1_397' title='bbox 1008 4008 1061 4044; x_wconf 86' lang='lat' dir='ltr'>om.</span> <span class='ocrx_word' id='word_1_398' title='bbox 1083 3993 1119 4045; x_wconf 89' lang='lat' dir='ltr'>ul.</span> <span class='ocrx_word' id='word_1_399' title='bbox 1144 3984 1156 4065; x_wconf 71' lang='grc'>11</span> <span class='ocrx_word' id='word_1_400' title='bbox 1177 3996 1192 4049; x_wconf 80' lang='grc'><strong>7</strong></span> <span class='ocrx_word' id='word_1_401' title='bbox 1212 3988 1333 4043; x_wconf 89' lang='lat' dir='ltr'>nomina</span> 
     </span>
    </p>
   </div>
   <div class='ocr_carea' id='block_1_9' title="bbox 194 4080 1332 4453">
    <p class='ocr_par' dir='ltr' id='par_1_12' title="bbox 194 4080 1332 4453">
     <span class='ocr_line' id='line_1_47' title="bbox 1191 4080 1203 4104; baseline 0.25 -3"><span class='ocrx_word' id='word_1_402' title='bbox 1191 4080 1203 4104; x_wconf 86' lang='lat' dir='ltr'>l)</span> 
     </span>
     <span class='ocr_line' id='line_1_48' title="bbox 194 4117 1332 4203; baseline -0.004 -24"><span class='ocrx_word' id='word_1_403' title='bbox 194 4126 241 4179; x_wconf 80' lang='lat' dir='ltr'>Gu.</span> <span class='ocrx_word' id='word_1_404' title='bbox 264 4131 279 4181; x_wconf 90' lang='lat'><em>1</em></span> <span class='ocrx_word' id='word_1_405' title='bbox 300 4125 342 4189; x_wconf 84' lang='lat' dir='ltr'>(ut</span> <span class='ocrx_word' id='word_1_406' title='bbox 359 4127 483 4192; x_wconf 78' lang='lat' dir='ltr'>uidetur)</span> <span class='ocrx_word' id='word_1_407' title='bbox 505 4117 518 4200; x_wconf 94' lang='grc'>11</span> <span class='ocrx_word' id='word_1_408' title='bbox 539 4120 711 4180; x_wconf 71' lang='lat' dir='ltr'>ttlrreriore</span> <span class='ocrx_word' id='word_1_409' title='bbox 730 4127 781 4179; x_wconf 73' lang='lat' dir='ltr'>Gru.</span> <span class='ocrx_word' id='word_1_410' title='bbox 803 4128 824 4177; x_wconf 87' lang='lat' dir='ltr'>l.</span> <span class='ocrx_word' id='word_1_411' title='bbox 847 4123 923 4191; x_wconf 79' lang='lat' dir='ltr'>2(ut</span> <span class='ocrx_word' id='word_1_412' title='bbox 939 4126 1060 4192; x_wconf 80' lang='lat' dir='ltr'>videtur)</span> <span class='ocrx_word' id='word_1_413' title='bbox 1078 4117 1090 4203; x_wconf 93' lang='grc'>11</span> <span class='ocrx_word' id='word_1_414' title='bbox 1107 4122 1257 4200; x_wconf 86' lang='lat' dir='ltr'>epistulae</span> <span class='ocrx_word' id='word_1_415' title='bbox 1273 4122 1332 4176; x_wconf 89' lang='lat' dir='ltr'>Mo-</span> 
     </span>
     <span class='ocr_line' id='line_1_49' title="bbox 195 4201 1332 4289; baseline 0 -28"><span class='ocrx_word' id='word_1_416' title='bbox 195 4227 249 4264; x_wconf 81' lang='lat' dir='ltr'>nac.</span> <span class='ocrx_word' id='word_1_417' title='bbox 266 4204 280 4289; x_wconf 93' lang='grc'>11</span> <span class='ocrx_word' id='word_1_418' title='bbox 295 4209 411 4266; x_wconf 87' lang='lat' dir='ltr'>maiore</span> <span class='ocrx_word' id='word_1_419' title='bbox 423 4211 475 4263; x_wconf 81' lang='lat' dir='ltr'>Ga.</span> <span class='ocrx_word' id='word_1_420' title='bbox 494 4208 562 4273; x_wconf 83' lang='lat' dir='ltr'>!(ut</span> <span class='ocrx_word' id='word_1_421' title='bbox 575 4209 696 4278; x_wconf 83' lang='lat' dir='ltr'>ridetur)</span> <span class='ocrx_word' id='word_1_422' title='bbox 713 4201 726 4286; x_wconf 91' lang='grc'>11</span> <span class='ocrx_word' id='word_1_423' title='bbox 741 4214 757 4267; x_wconf 88' lang='grc'>9</span> <span class='ocrx_word' id='word_1_424' title='bbox 773 4208 801 4263; x_wconf 90' lang='lat' dir='ltr'>iu</span> <span class='ocrx_word' id='word_1_425' title='bbox 815 4206 995 4263; x_wconf 87' lang='lat' dir='ltr'>membranis</span> <span class='ocrx_word' id='word_1_426' title='bbox 1012 4211 1066 4264; x_wconf 76' lang='lat' dir='ltr'>(lu.</span> <span class='ocrx_word' id='word_1_427' title='bbox 1083 4214 1096 4263; x_wconf 89' lang='grc'>1</span> <span class='ocrx_word' id='word_1_428' title='bbox 1109 4217 1137 4264; x_wconf 90' lang='lat' dir='ltr'>ct</span> <span class='ocrx_word' id='word_1_429' title='bbox 1151 4204 1332 4262; x_wconf 88' lang='lat' dir='ltr'>membranis</span> 
     </span>
     <span class='ocr_line' id='line_1_50' title="bbox 195 4284 1331 4373; baseline -0.002 -26"><span class='ocrx_word' id='word_1_430' title='bbox 195 4296 241 4351; x_wconf 76' lang='lat' dir='ltr'>Ga.</span> <span class='ocrx_word' id='word_1_431' title='bbox 259 4302 276 4351; x_wconf 84' lang='lat'><em>2</em></span> <span class='ocrx_word' id='word_1_432' title='bbox 295 4290 308 4373; x_wconf 93' lang='grc'>11</span> <span class='ocrx_word' id='word_1_433' title='bbox 336 4305 368 4355; x_wconf 84' lang='lat'>10</span> <span class='ocrx_word' id='word_1_434' title='bbox 384 4292 544 4348; x_wconf 84' lang='lat' dir='ltr'>oramentis</span> <span class='ocrx_word' id='word_1_435' title='bbox 560 4295 615 4346; x_wconf 72' lang='lat' dir='ltr'>(lu.</span> <span class='ocrx_word' id='word_1_436' title='bbox 637 4292 825 4348; x_wconf 77' lang='lat' dir='ltr'>?rrr‹rrrrentis</span> <span class='ocrx_word' id='word_1_437' title='bbox 839 4295 890 4347; x_wconf 82' lang='lat' dir='ltr'>Ga.</span> <span class='ocrx_word' id='word_1_438' title='bbox 915 4286 955 4371; x_wconf 87' lang='grc'>111</span> <span class='ocrx_word' id='word_1_439' title='bbox 975 4300 1005 4350; x_wconf 75' lang='lat' dir='ltr'>l‘l</span> <span class='ocrx_word' id='word_1_440' title='bbox 1016 4292 1109 4349; x_wconf 88' lang='lat' dir='ltr'>aratis</span> <span class='ocrx_word' id='word_1_441' title='bbox 1123 4292 1176 4347; x_wconf 81' lang='lat' dir='ltr'>Ga.</span> <span class='ocrx_word' id='word_1_442' title='bbox 1194 4284 1240 4369; x_wconf 86' lang='grc'>211</span> <span class='ocrx_word' id='word_1_443' title='bbox 1255 4288 1331 4364; x_wconf 84' lang='lat' dir='ltr'>uigi-</span> 
     </span>
     <span class='ocr_line' id='line_1_51' title="bbox 195 4373 716 4453; baseline -0.002 -23"><span class='ocrx_word' id='word_1_444' title='bbox 195 4373 249 4434; x_wconf 84' lang='lat' dir='ltr'>lata</span> <span class='ocrx_word' id='word_1_445' title='bbox 264 4380 450 4453; x_wconf 80' lang='lat' dir='ltr'>Stephanus:</span> <span class='ocrx_word' id='word_1_446' title='bbox 476 4375 636 4451; x_wconf 82' lang='lat' dir='ltr'>irmigilata</span> <span class='ocrx_word' id='word_1_447' title='bbox 650 4377 716 4431; x_wconf 81' lang='lat' dir='ltr'>libri</span> 
     </span>
    </p>
   </div>
   <div class='ocr_carea' id='block_1_10' title="bbox 0 0 1487 5002">
    <p class='ocr_par' dir='ltr' id='par_1_13' title="bbox 0 0 1487 5002">
     <span class='ocr_line' id='line_1_52' title="bbox 0 0 1487 5002; baseline 0 0"><span class='ocrx_word' id='word_1_448' title='bbox 0 0 1487 5002; x_wconf 95' lang='lat' dir='ltr'> </span> 
     </span>
    </p>
   </div>
  </div>
 </body>
</html>
