2964 5002
591 387 634 428 nu
658 387 745 428 uuue
769 387 970 429 uouuuouvu
1073 338 1093 388 ⁸
1289 369 1346 430 165

202 534 492 611 meroiimbriurn
516 534 625 621 adque
649 534 736 598 ueris
758 543 954 621 aeceperunt
971 532 1144 597 'uer—abula.
1178 557 1276 621 porro
1298 553 1345 596 rs·

202 653 362 701 svselvu
391 659 434 700 ex
459 637 593 700 nomine
616 635 687 700 lani
711 646 922 715 uocauerunt,
943 634 1000 697 sed
1023 634 1208 722 specialiter
1230 635 1345 698 lanuu-

200 741 265 803 rins
290 738 483 825 appellatur
516 759 555 801 eo
588 738 673 823 quod
702 739 800 801 ianua
827 738 870 800 sit
896 739 973 799 anni
1004 736 1110 822 adque
1137 738 1344 823 principium.

199 855 430 903 reuersurum
456 848 566 902 autem
595 860 615 900 a
636 838 775 901 Februis
798 840 899 902 sacris
921 838 1142 925 Lupercorum
1162 838 1345 924 appellaue-

146 1011 151 1020 ‚
182 951 286 1007 stunt.
333 940 446 1027 itaque
467 937 555 1026 apud
579 942 728 1026 antiquos
750 939 884 1003 Latinos
906 938 1016 1003 decem
1039 939 1206 1003 mensibus
1229 962 1345 1005 cursus

197 1043 274 1107 anni
302 1041 569 1128 computabatur.
607 1043 664 1105 sed
687 1041 875 1137 Ianuariqm
900 1040 1055 1104 Romanis
1073 1049 1105 1104 et
1127 1039 1344 1107 Februarium

198 1190 252 1232 turn
277 1180 376 1231 xv111
399 1180 428 1230 5:
455 1181 516 1231 ‘sed
540 1186 569 1229 et
591 1180 728 1230 mensibus
752 1181 939 1244 imposuerunt
959 1180 1071 1228 neruine
1090 1179 1201 1230 deorum
1224 1195 1341 1230 suorum.

198 1256 312 1315 propter
331 1249 464 1299 bonorem
476 1250 577 1313 quippe
592 1248 707 1305 Romuli,
727 1248 792 1312 quia
804 1263 865 1297 eum
877 1248 975 1297 Martis
987 1247 1072 1296 filium
1086 1247 1268 1309 crediderunt,
1289 1248 1343 1312 pri·

199 1334 268 1367 mum
288 1332 416 1366 mensem
434 1317 518 1366 Marti
537 1316 662 1366 dicantes
679 1317 808 1365 Martium
827 1322 1005 1364 uocauerunt.
1043 1321 1070 1363 et
1094 1316 1156 1365 inde
1181 1316 1301 1380 Aprilem
1327 1333 1343 1365 u

198 1386 272 1436 nullo
292 1384 341 1433 dei
358 1386 402 1433 sui
421 1384 531 1434 nomine
550 1384 598 1432 sed
616 1399 633 1432 a
651 1400 679 1432 re
698 1384 759 1447 ipsu
778 1384 857 1447 quusi
877 1382 1008 1448 aperilem
1028 1382 1098 1447 quod
1116 1388 1181 1432 tuuc
1199 1383 1343 1448 plurimum

199 1453 335 1571 §pruinis
353 1453 497 1517 aperietur
516 1453 543 1501 in
563 1452 663 1501 florem.
693 1451 756 1501 inde
775 1451 885 1500 tertium
904 1466 1024 1500 mensem
1036 1450 1139 1499 Maium
1158 1451 1228 1514 quod
1240 1451 1343 1501 Maiam

226 1520 333 1572 ereutii
358 1526 472 1569 uretrem
496 1519 576 1569 deam
595 1519 696 1568 colunt.
733 1519 795 1567 inde
820 1526 944 1582 quartum
968 1519 1076 1569 Iunium
1095 1534 1111 1567 a
1130 1519 1242 1568 Iunone.
1280 1519 1342 1568 iude

201 1600 310 1639 eeteros
328 1603 416 1651 usque
435 1587 471 1636 ad
490 1587 669 1636 Decembrem
689 1603 705 1635 a
723 1588 842 1636 numeris
862 1587 1044 1635 nominarunt.
1081 1587 1129 1635 sed
1148 1602 1181 1635 eu
1200 1587 1240 1636 eis
1259 1588 1342 1649 Quin-

200 1656 257 1707 tilis
275 1663 364 1720 atque
384 1655 497 1705 Sextilis
521 1656 676 1705 nominibus
696 1654 834 1705 hominum
858 1654 955 1718 quibus
978 1654 1086 1703 diuinos
1109 1654 1226 1704 honores
1249 1654 1343 1704 decre·

201 1733 301 1775 nerant
321 1722 455 1788 appellati
473 1730 539 1771 sunt
557 1723 641 1773 lulius
665 1730 693 1771 et
709 1724 857 1787 Augustus.
894 1737 956 1771 uem
979 1723 1111 1787 septimus
1130 1720 1292 1787 September
1316 1729 1344 1773 et

202 1793 289 1843 ceteri
316 1799 348 1840 ut
370 1790 428 1840 dixi
450 1805 537 1854 usque
556 1790 590 1839 ad
608 1790 789 1843 Decembrem
812 1805 982 1839 nuruerorum
1001 1805 1035 1839 ex
1053 1790 1147 1839 ordine
1165 1791 1343 1854 pronuntiau-

202 1868 250 1909 ter.
288 1874 373 1924 porro
391 1858 537 1907 Ianuarius
556 1873 572 1906 a
590 1858 658 1908 Iano
677 1858 896 1923 appellatorem,
916 1857 1083 1907 Februarius
1097 1874 1114 1907 a
1125 1858 1243 1908 Februis
1255 1859 1343 1909 samis

202 1924 407 1993 Lupercorum!
432 1926 616 1989 Hieronymus
629 1942 723 1975 comm.
739 1927 765 1974 iu
779 1924 861 1975 Zaelr.
876 1925 903 1977 II
921 1924 938 1974 8
950 1930 1013 1975 tom.
1028 1926 1065 1974 Vl
1079 1943 1104 1990 p.
1117 1924 1168 1975 852
1182 1926 1269 1975 vall:
1289 1927 1341 1977 ‘le-

203 1996 316 2045 ewius
333 1989 368 2043 eo
386 1992 457 2058 quod
475 1994 560 2042 ianua
579 1994 643 2043 anni
661 1996 696 2043 sit
715 2001 797 2059 utque
833 1993 979 2058 rineipiuru
997 1993 1117 2057 dicitur)
1149 1994 1186 2043 ol.
1205 1995 1342 2045 commin

202 2062 304 2113 herb.
321 2062 403 2111 vnn
415 2060 449 2111 29
461 2066 527 2113 tom.
542 2061 602 2126 Vp.
616 2060 664 2111 341
678 2061 749 2111 Vall.
774 2088 796 2095 -
814 2009 925 2111 domiue
938 2077 1031 2129 georg.
1050 2059 1108 2111 143
1127 2062 1209 2122 (unde
1223 2063 1342 2113 Isidorus

202 2132 287 2197 origg.
295 2129 490 2181 l.e.nonnulla
500 2130 670 2194 exscripsitj:
685 2129 799 2179 ‘Nouum
809 2144 857 2178 uer
867 2128 928 2179 ideo
939 2129 987 2191 eit,
999 2130 1064 2194 quia
1075 2130 1139 2179 anni
1151 2130 1257 2179 initium
1267 2146 1341 2181 meu·

202 2198 239 2249 sis
256 2204 300 2249 est
317 2198 444 2256 Martium.
469 2204 497 2247 ot
514 2196 655 2246 sciendum
673 2197 768 2247 decern
786 2202 891 2246 tantum
910 2212 1018 2247 menses
1031 2197 1117 2246 luisse
1130 2197 1202 2262 aprrd
1215 2199 1341 2263 maiores.

202 2266 330 2317 mnium
348 2272 439 2315 autem
458 2264 525 2315 anni
542 2265 705 2330 principium
724 2265 826 2314 haltere
848 2264 993 2314 uoluerunt
1010 2271 1120 2329 propt-er
1140 2266 1256 2315 Mortem
1274 2281 1341 2316 suae

202 2334 291 2399 gentis
302 2340 453 2383 auctorem.
465 2331 537 2397 quod
547 2333 637 2382 multis
647 2332 768 2382 firmatur
778 2332 944 2382 auctoribus.
954 2333 1083 2396 Nigidius
1093 2333 1120 2380 in
1130 2331 1340 2396 sphaeraGrue-

203 2402 300 2451 canica
312 2416 411 2451 nouum
425 2415 528 2449 aunum
542 2402 743 2464 aequinoctium
756 2400 868 2449 uernale
880 2401 1011 2450 nominet.
1037 2400 1122 2449 Varro
1136 2400 1340 2463 epistolicarum

203 2469 404 2534 quaestionum:
424 2468 502 2517 luter
514 2484 633 2517 mensem
645 2469 824 2518 Februarium
838 2470 884 2532 qui
897 2474 960 2517 tunc
974 2472 1048 2517 esset
1061 2473 1209 2519 extremus.
1229 2476 1257 2517 ct
1270 2469 1342 2518 inter

203 2536 333 2587 calendas
347 2536 463 2584 Murtias
477 2551 547 2599 quac
561 2542 624 2586 tuuc
638 2543 716 2585 eruut
729 2537 842 2600 primae.
872 2536 948 2584 Atta:
968 2537 1073 2584 Aurium
1087 2550 1184 2584 nouum
1198 2535 1342 2584 uoluerunt

203 2622 259 2654 esse
278 2606 395 2670 primurn
409 2619 531 2653 inensem
544 2605 679 2652 Martium.
714 2613 741 2652 et
758 2604 838 2653 ulibi:
855 2604 975 2653 Maiores
989 2604 1115 2652 Martium
1130 2603 1242 2667 primum
1257 2603 1340 2651 buliu·

202 2682 286 2722 errent.
312 2671 414 2736 Aprilis
431 2687 497 2721 uero
509 2672 599 2720 dietus
612 2680 654 2721 est
670 2673 749 2735 quael
761 2678 847 2720 terres
858 2678 952 2735 tepore
967 2673 1110 2736 apericus,
1123 2671 1212 2720 bluius
1225 2686 1241 2718 a
1254 2671 1337 2727 blaiu,

202 2741 295 2790 lunius
308 2756 325 2788 a
340 2740 457 2788 lunone:
478 2754 641 2803 quemquam
654 2739 703 2787 elii
726 2756 741 2787 a
756 2739 906 2788 maioribus
923 2747 950 2788 et
961 2741 1114 2787 iunioribus
1125 2737 1174 2788 bos
1187 2739 1252 2788 duos
1267 2755 1338 2786 meu·

199 2825 241 2857 ses
253 2807 347 2857 uelint
359 2808 524 2856 nominatos.
560 2823 622 2856 nuru
642 2813 705 2856 aute
718 2806 833 2871 populus
850 2807 988 2855 Romanus
1007 2808 1035 2855 iu
1049 2807 1187 2855 eeuturias
1205 2807 1339 2865 iuniorum

200 2884 225 2926 et
236 2876 379 2926 seniorum
392 2875 498 2924 dilusus
512 2873 608 2923 suerat.
640 2875 737 2938 reliqui
750 2875 803 2922 ium
817 2891 833 2923 a
846 2890 956 2923 nunroro
970 2875 1189 2926 nominabantur.
1209 2873 1341 2935 Quintilis

199 2942 315 2993 sextilis
333 2943 497 3006 September
514 2941 634 2991 October
652 2943 804 2991 b'ouernber
827 2943 988 2992 December.
1026 2950 1053 2991 ct
1080 2943 1107 2991 bi
1132 2949 1211 2991 eruut
1234 2948 1338 2990 tuntum

199 3012 296 3061 decern
321 3026 437 3059 ureuses.
475 3009 528 3059 duo
556 3026 621 3060 uere
645 3017 754 3074 propter
781 3010 916 3060 rationem
938 3012 1077 3072 signorum
1103 3011 1166 3058 unni
1191 3011 1338 3060 intercala-

199 3080 309 3137 bantur,
330 3079 377 3141 qui
395 3082 493 3142 postea
512 3093 529 3125 a
546 3079 613 3127 Iuno
633 3084 660 3126 et
683 3095 699 3127 a
717 3078 824 3126 Februo
848 3079 981 3128 nominati
999 3085 1070 3127 surrt.
1107 3079 1229 3127 Februus
1248 3086 1338 3127 autern

201 3154 241 3195 est
260 3146 337 3195 Ditis
356 3152 436 3210 pater
455 3145 500 3193 cui
520 3161 551 3193 eo
570 3162 662 3194 mense
681 3146 898 3195 sacrificabatur.
931 3146 1062 3208 Quintilis
1079 3152 1105 3193 et
1118 3145 1229 3196 Sextilis
1242 3149 1338 3195 unitati

200 3223 261 3264 sunt
282 3218 380 3279 postea
398 3215 426 3262 in
445 3212 574 3262 honorem
593 3214 655 3262 Iulii
674 3214 803 3262 (fuesaris
822 3221 849 3261 et
868 3215 992 3277 ,lugrruti
1028 3214 1098 3262 unde
1122 3221 1184 3262 erint
1203 3215 1287 3263 lulius
1311 3222 1338 3263 et

200 3286 347 3347 Augrrstus.
383 3282 424 3330 sic
443 3280 558 3330 Ouidius
576 3282 604 3330 in
624 3280 722 3330 ἐλεεῖς]
743 3309 772 3315 -
799 3282 883 3330 Varro
902 3283 933 3330 L.
953 3283 983 3331 1..
1005 3282 1040 3329 l'l
1059 3279 1091 3330 33
1109 3299 1162 3345 sq:
1190 3283 1337 3331 'Meusium

200 3352 311 3400 nomine
332 3350 389 3397 fere
409 3356 505 3414 apertu
524 3355 585 3399 suut
609 3350 632 3398 si
656 3365 672 3398 a
690 3350 790 3398 blurtio
809 3357 835 3396 ut
860 3351 967 3414 antiqui
986 3350 1185 3399 coristituerunt
1204 3366 1337 3400 numeres.

199 3434 261 3467 nam
276 3418 381 3482 primus
399 3433 415 3466 a
433 3417 531 3465 Marte.
568 3417 701 3466 secundus
724 3426 751 3465 ut
770 3417 883 3467 Frrluius
906 3419 1004 3467 scribit
1028 3423 1056 3465 et
1080 3417 1172 3466 lunius
1196 3435 1211 3465 a
1232 3420 1337 3467 l'euere

201 3485 271 3549 quod
290 3501 325 3534 ea
344 3485 381 3532 sit
398 3484 561 3548 Aphrodite:
581 3486 675 3549 quoius
695 3501 791 3533 uorueu
811 3502 861 3543 ego
876 3487 996 3548 uritiquis
1009 3485 1110 3533 litteris
1124 3485 1192 3549 ‹qrrtrd
1207 3502 1337 3549 uuequuru

201 3554 308 3607 inueni.
336 3553 424 3614 irrepis
442 3557 507 3617 puto
530 3553 631 3601 dietum
656 3553 723 3617 qued
749 3569 797 3601 uer
815 3554 905 3602 ernuiu
929 3554 1017 3617 operit
1040 3552 1170 3616 Aprilem.
1206 3555 1302 3603 tertius
1322 3572 1338 3602 u

200 3621 352 3671 maioribus
371 3621 476 3679 Maius,
503 3630 611 3683 qunrtuu
636 3637 652 3668 u
676 3620 827 3668 iunioribus
850 3621 938 3669 (lictus
963 3621 1065 3668 lunius.
1106 3621 1204 3669 debinc
1229 3623 1338 3686 quintus

146 3684 334 3761 'efluiutilis
354 3695 380 3735 et
399 3688 439 3736 sic
458 3688 589 3751 deinceps
608 3703 690 3751 neque
715 3689 748 3736 ud
771 3689 949 3737 Decembrem
973 3705 989 3736 a
1012 3703 1132 3737 numero.
1169 3690 1203 3737 ud
1224 3689 1273 3737 bos
1293 3691 1339 3753 qui

158 3752 161 3757 ’
201 3757 288 3806 additi
307 3757 417 3821 priora
436 3757 559 3820 principe
578 3757 628 3805 deo
647 3757 792 3804 Iunuurius
812 3756 978 3820 appellatum
1005 3756 1139 3819 posterior
1160 3765 1188 3805 ut
1209 3757 1279 3805 idem
1298 3758 1337 3804 di·

205 3849 401 3859 -.υ-’-

198 3914 209 3939 ²
287 3904 297 3954 1
318 3903 410 3970 atque
425 3888 522 3949 AB²E
536 3888 547 3973 {l
564 3895 737 3971 acciperunt
752 3889 846 3950 AB¹D
861 3887 875 3973 l}
890 3891 1049 3949 uocablum
1069 3900 1093 3950 Α
1109 3889 1121 3971 ll
1137 3894 1272 3951 ianuario
1297 3889 1333 3949 1³¹

211 4006 214 4041 ι
237 3981 325 4039 tiam
341 3986 366 4035 A
382 3975 396 4059 ss
412 3977 455 4035 s&
471 3974 508 4033 B¹
526 3989 552 4034 et
567 3982 606 4035 ito
618 3981 683 4052 sere
699 3997 811 4051 srnrper
827 3972 871 4058 ll3
890 3978 1041 4055 apelletur
1056 3981 1084 4035 B
1098 3974 1112 4061 ll
1127 3989 1218 4058 atque
1237 3976 1303 4033 AB?
1321 3974 1332 4057 ;Ι

202 4063 415 4124 sl'ebroarium
433 4057 468 4119 Α1
487 4057 499 4144 ΙΙ
516 4062 633 4121 febraes
645 4059 683 4120 B¹
702 4059 714 4142 Η
730 4064 824 4120 sacris
841 4076 870 4119 et
885 4062 995 4120 ualidis
1014 4066 1038 4119 A
1060 4058 1072 4142 ll
1095 4064 1285 4141 lupercorum
1304 4062 1334 4119 id

204 4160 245 4206 est
257 4170 275 4207 e
294 4150 421 4228 plutone
439 4147 486 4204 cui
502 4168 537 4205 eo
552 4168 655 4205 meuse
669 4145 916 4222 sacrificabantur
927 4148 1042 4204 romani
1058 4152 1082 4205 B
1097 4143 1110 4227 ll
1126 4148 1333 4224 apellaueruut

207 4230 253 4309 Bl!
268 4244 285 4296 6
298 4234 450 4292 Romanis
468 4233 636 4290 lonearium
655 4241 685 4289 et
702 4231 895 4290 Februarium
915 4234 1076 4290 Brelrerus:
1103 4232 1270 4290 ianuarium
1287 4253 1330 4287 ro·

203 4321 276 4378 mani
293 4318 481 4378 febroarium
503 4313 568 4374 A¹E
586 4319 751 4375 ianuarium
773 4317 886 4375 romani
911 4315 1054 4373 dixerunt
1069 4316 1248 4373 leluourium
1269 4314 1334 4371 ,ΡΗ

203 4405 362 4465 irnuerium
380 4402 499 4461 romani
508 4401 690 4460 addiderunt
706 4401 888 4460 februarium
907 4403 931 4457 D
