2964 5002
516 380 690 428 t’nanoatn
714 382 953 428 ntsrsunsrrsa
1245 371 1307 437 285

245 545 457 596 Proelium
483 540 517 596 et
540 537 749 613 rssrmnss]
778 541 932 627 properat
954 533 1009 618 qui
1031 554 1131 596 unum
1155 526 1306 622 quodque

164 644 285 698 mature
303 635 480 720 transigit3
503 633 638 700 festinat
658 635 724 719 qui·
735 625 949 696 simul'multa
964 634 1079 718 incipit
1094 655 1153 697 nec
1169 634 1307 719 perficit.

164 791 192 838 in
214 789 337 854 prodigio
360 788 556 838 detrimentum
573 784 765 853 significatur)
806 785 910 835 Nonius
934 802 960 850 p,
984 783 1034 834 429
1052 802 1107 851 sq.:
1128 786 1260 837 ‘Monstra
1280 794 1307 837 et

165 864 269 906 ostenta
286 856 418 906 similiter
435 854 646 920 intelleguntur,
666 855 738 919 quod
754 854 917 903 inminentia
936 858 1087 903 monstrent
1105 858 1133 902 et
1149 855 1305 904 ostendant.

164 939 242 973 omen
256 938 325 975 uero
342 928 441 973 uotum
459 929 502 973 cst
519 924 618 973 mentis
632 928 660 972 et
672 923 761 981 uocis;
780 922 851 971 unde
864 920 1085 971 sacrificantibus
1098 922 1211 970 dieitur:
1228 923 1307 973 Bona

165 992 252 1041 omina
268 991 389 1049 habete,
413 990 442 1040 id
466 995 509 1039 cst
531 995 561 1039 ut
584 991 794 1039 circumstantes
818 994 846 1037 et
869 994 959 1036 mente
983 995 1061 1038 recta
1083 988 1170 1037 ueliut
1189 996 1217 1037 et
1233 989 1307 1039 bona

166 1060 253 1109 oribus
270 1059 427 1124 proferant.
463 1062 619 1123 portentum
636 1073 692 1106 non
709 1055 884 1120 solumque]
903 1055 1058 1120 portendat,
1078 1056 1125 1105 scd
1139 1057 1209 1120 quod
1223 1059 1307 1107 etiarn
1361 1102 1366 1108 .

166 1127 289 1191 adportet
307 1131 337 1176 et
354 1126 446 1175 iaciat
464 1141 498 1175 cr
515 1125 558 1175 his
576 1124 825 1189 significationibus
845 1139 914 1187 quae
928 1124 955 1171 in
969 1124 1099 1187 auspiciis
1121 1125 1242 1188 auguriis
1261 1142 1306 1175 ex·

165 1194 280 1258 tispiciis
302 1193 494 1243 ostenduntur.
533 1193 686 1258 prodigium
710 1197 802 1241 autem
825 1206 933 1255 semper
955 1193 1101 1254 pessimum
1125 1198 1180 1251 est,
1204 1193 1306 1242 dictum

167 1262 240 1327 quasi
258 1276 341 1327 porro
360 1260 536 1325 adigendum.
572 1259 704 1325 Virgilius
723 1259 770 1307 lib.
789 1259 841 1306 lIl:
866 1257 931 1306 Sola
948 1272 1047 1306 nouum
1072 1259 1201 1323 dictuque
1225 1260 1307 1309 uel'as

165 1329 297 1394 Harpyia.
307 1326 433 1379 Celaeno
451 1326 608 1393 Prodigium
627 1327 703 1376 canit
722 1331 749 1375 et
767 1326 860 1375 tristes
878 1325 1024 1374 denuntiat
1046 1324 1120 1375 iras.¹
1156 1328 1260 1376 Nonius
1279 1344 1305 1392 p.

165 1395 213 1447 435
228 1412 284 1461 sq.:
304 1396 441 1445 'Monstra
459 1400 487 1443 et
503 1394 631 1461 prodigia
650 1398 678 1444 ot
690 1396 819 1458 portenta
831 1392 883 1441 hoc
895 1392 1007 1452 distent,
1028 1394 1097 1456 quod
1110 1400 1173 1442 sunt
1185 1404 1307 1445 monstra

166 1468 273 1513 ostenta
285 1467 316 1512 et
333 1462 440 1512 monita
457 1462 577 1511 deorum.
608 1461 741 1526 Virgilius
752 1459 800 1509 lib.
813 1461 869 1509 1112
887 1459 1061 1524 Primumque
1074 1472 1217 1525 parentem
1230 1465 1306 1513 Mou-

166 1536 220 1581 stra
236 1530 320 1579 deum
337 1530 440 1581 refero.
476 1530 602 1594 prodigia
620 1528 731 1578 deorum
749 1528 840 1576 minae
860 1526 903 1576 uel
923 1527 990 1575 irae.
1023 1529 1097 1592 Virg.
1110 1531 1177 1578 Aen.
1192 1530 1240 1580 lib.
1251 1532 1305 1580 lll:

167 1596 227 1648 Sola
243 1613 347 1647 nouum
364 1597 441 1647 dictu
459 1611 494 1645 uc
511 1598 593 1646 nefas
610 1596 736 1661 Harpyia
754 1594 859 1644 Colono
872 1595 1028 1658 Prodigium
1047 1596 1130 1645 canit.
1156 1603 1183 1645 ot
1195 1598 1242 1647 lib.
1254 1599 1306 1646 l'l:

167 1665 301 1730 Prodigiis
320 1665 377 1714 acti
396 1612 563 1714 caelestibus
586 1680 650 1713 ossa
667 1663 790 1728 piabunt.
826 1668 954 1727 portenta
972 1668 1096 1726 ostenta,
1116 1679 1186 1728 quse
1205 1665 1307 1731 aliquid

167 1734 297 1783 inminere
317 1732 485 1813 significant.
521 1731 644 1781 Lucilius
662 1731 711 1779 lib.
728 1730 832 1779 XXVI:
852 1730 910 1799 Nisi
933 1738 1062 1794 portenta
1086 1733 1236 1798 anguisque
1260 1750 1307 1783 uo·

167 1799 254 1850 lueres
272 1814 308 1850 ae
326 1804 456 1865 pinnatos
474 1797 615 1851 scribitis)
651 1798 750 1853 Festus
769 1814 794 1862 p.
816 1795 877 1847 138:
902 1798 1061 1847 ‘Monstrum
1080 1807 1108 1849 ut
1127 1799 1220 1850 Aelius
1239 1800 1307 1850 stilo

167 1869 364 1932 interpretetur
392 1882 409 1916 a
435 1867 569 1916 monendo
597 1867 698 1915 dictum
729 1872 770 1913 cst
792 1864 869 1914 uelut
894 1872 1067 1917 monestrum.
1108 1868 1173 1916 item
1197 1868 1309 1918 Sinnius

169 1934 266 2000 Capito
290 1934 363 1999 quod
390 1940 523 1983 monstret
552 1934 673 1983 futurum
697 1938 725 1982 et
746 1938 859 1981 moneat
882 1932 1051 1982 uoluntatem
1075 1935 1196 1984 deornm.
1238 1937 1308 2001 quod

170 2003 248 2052 etiam
287 2001 425 2067 rudigium
440 2001 517 2051 uelut
533 2001 705 2066 praedictum
722 1998 742 2064 †
760 2004 788 2048 et
806 1999 884 2062 quasi
903 1999 1087 2064 praedictum,
1111 2004 1180 2067 quod
1198 2005 1307 2069 praedi-

170 2080 211 2119 eet
228 2018 340 2131 eadem,
359 2074 388 2118 et
406 2073 574 2134 portentum,
594 2068 665 2133 quod
683 2067 832 2132 portendat
850 2073 878 2115 et
895 2066 1042 2131 significet.
1067 2070 1131 2118 inde
1149 2071 1204 2119 dici
1223 2087 1308 2137 appa-

169 2144 206 2187 ret
222 2138 252 2187 id
270 2142 408 2202 quartum,
428 2136 498 2202 quod
516 2135 582 2184 mihi
595 2136 681 2184 uisum
696 2141 739 2183 cst
757 2135 939 2196 adiciendum,
959 2138 1121 2199 praesertim
1135 2154 1195 2187 cum
1209 2154 1241 2188 cx
1261 2154 1307 2189 ea-

169 2204 225 2255 dem
242 2202 452 2270 significatione
469 2203 590 2269 pendeat
609 2209 637 2252 et
655 2203 683 2251 in
701 2208 827 2268 promptu
844 2202 880 2250 sit
898 2203 1036 2265 omuibus,
1054 2205 1081 2252 id
1101 2211 1143 2253 est
1161 2212 1307 2269 ostentum,

170 2272 235 2337 quod
252 2272 322 2321 item
341 2271 377 2321 ab
395 2270 564 2320 ostendendo
587 2270 690 2319 dietum
718 2275 760 2319 est
783 2269 855 2333 apud
879 2268 1024 2318 auctorea.’
1060 2271 1162 2321 Paulus
1181 2275 1257 2323 Festi
1281 2290 1307 2339 p.

171 2339 227 2389 ild:
250 2340 416 2391 ‘Monstrum
431 2338 533 2387 dictum
551 2336 628 2387 uelut
644 2342 819 2398 monestrum,
839 2336 909 2400 quod
927 2343 1039 2385 moneat
1057 2338 1161 2401 aliquid
1180 2341 1307 2404 futurum,

169 2408 320 2474 prodigium
336 2405 416 2456 uelut
431 2405 612 2470 praedicinm,
630 2405 701 2469 quod
718 2404 872 2470 praedicat,
895 2408 1050 2468 portentum
1070 2406 1139 2469 quod
1152 2408 1308 2471 portendat,

170 2482 304 2526 ostentum
323 2473 394 2538 quod
413 2470 559 2523 ostendat)

249 2544 405 2606 Properate
429 2546 457 2589 et
479 2536 623 2604 iestinare]
649 2538 754 2588 Gellius
776 2539 841 2588 XVI
866 2538 910 2588 14:
936 2538 1095 2588 ‘Festinaro
1115 2544 1143 2588 et
1160 2555 1308 2605 properare

171 2610 238 2659 idem
256 2608 418 2674 siguificare
442 2613 524 2672 etque
548 2609 575 2656 in
599 2608 715 2656 candem
738 2623 795 2655 rem
819 2606 874 2655 dici
897 2606 1032 2655 uidentur.
1069 2607 1117 2656 sed
1135 2609 1171 2656 M.
1192 2608 1263 2657 Cato
1281 2610 1309 2659 id

171 2676 277 2726 differre
297 2676 441 2726 existimat
463 2691 550 2739 eaque
574 2675 625 2723 hoc
649 2675 727 2723 modo
746 2675 835 2722 diuisa
856 2700 890 2708 —
908 2676 994 2724 uerba
1012 2680 1074 2723 sunt
1092 2676 1177 2739 ipsius
1197 2691 1228 2724 ex
1248 2692 1307 2725 ora-

171 2745 241 2795 tione
254 2758 338 2809 quam
356 2743 391 2792 ds
404 2743 459 2792 uuis
476 2743 624 2792 uirtutibus
642 2741 739 2790 habuit
751 2759 797 2788 —:
818 2741 896 2790 Aliud
917 2748 959 2791 est
976 2758 1124 2806 properare
1145 2743 1218 2792 aliud
1229 2744 1308 2793 festi·

172 2826 247 2872 nare3
284 2812 331 2876 qui
348 2824 431 2860 unum
457 2810 521 2875 quid
542 2809 795 2873 maturotransigit
818 2810 841 2857 is
864 2817 1007 2874 properat,
1033 2812 1077 2875 qui
1101 2811 1187 2861 multa
1211 2812 1309 2877 incipit

172 2892 255 2944 neque
278 2878 391 2945 perficit
412 2880 437 2927 is
460 2877 584 2927 festinat.
621 2877 732 2925 Verrius
749 2876 867 2925 Flaccus
884 2877 1019 2926 rationem
1038 2879 1130 2927 dicere
1143 2879 1237 2928 uolens
1256 2880 1307 2929 dis·

173 2946 307 2996 terentiae
325 2946 419 2995 listins:
438 2944 575 3006 Festinat,
593 2944 690 3009 inquit,
710 2960 726 2993 a
746 2944 829 2992 fando
847 2944 955 3006 dicitur,
975 2946 1101 3008 quoniam
1120 2948 1167 2995 isti
1185 2948 1308 3013 ignauio·

173 3029 224 3076 ree,
250 3014 298 3079 qui
320 3013 390 3062 nihil
412 3012 545 3078 perticere
568 3016 694 3077 possunt,
719 3011 778 3076 plus
806 3012 949 3061 rterborum
973 3028 1052 3077 qtrum
1072 3030 1173 3078 operae
1197 3017 1309 3065 habent.

174 3082 217 3132 sed
234 3082 263 3131 id
282 3082 364 3129 nimis
382 3087 509 3130 coactum
528 3085 609 3143 atquc
630 3079 775 3128 absttrdum
793 3080 901 3128 uidetur
919 3095 1007 3144 neque
1020 3083 1089 3130 tanti
1108 3097 1168 3131 csso
1180 3086 1309 3133 momenti

174 3154 261 3214 potest
277 3149 369 3215 prima
386 3148 415 3196 iu
432 3154 546 3212 utroque
564 3146 650 3196 nerito
668 3146 757 3207 litera,
777 3154 806 3195 ut
824 3154 938 3212 propter
954 3164 1105 3197 eamunam
1125 3156 1181 3199 tarn
1200 3151 1309 3202 diuersa

174 3216 254 3266 uerba
277 3216 414 3265 festinare
437 3222 466 3264 et
487 3215 542 3264 rari
561 3215 656 3263 eadem
676 3214 762 3263 uideri
789 3215 918 3265 debeant.
955 3217 1120 3266 commodius
1139 3224 1231 3268 autem
1249 3234 1309 3284 pro-

175 3285 283 3349 piusque
303 3284 391 3333 uisum
410 3287 466 3342 est,
488 3282 622 3331 festinare
647 3298 706 3330 esse
731 3282 809 3346 quasi
834 3283 935 3333 iessrrm
958 3300 1028 3333 esse.
1073 3300 1134 3334 nam
1155 3288 1200 3350 qui
1219 3287 1311 3337 multis

175 3351 248 3401 simul
266 3351 350 3401 rebus
367 3350 547 3416 properandis
560 3349 685 3399 defessus
705 3356 759 3407 est,
778 3350 802 3398 is
821 3351 875 3399 iarn
894 3367 948 3400 non
966 3360 1095 3416 properat
1113 3361 1156 3402 set
1175 3353 1308 3404 festinat’

175 3418 272 3469 lionius
309 3454 316 3467 .
335 3417 401 3467 ddi:
419 3418 574 3467 ‘Festinato
594 3424 621 3465 ct
639 3432 687 3482 pro
709 3433 786 3466 erare
805 3425 914 3468 ueteres
932 3418 1077 3469 uoluerunt
1091 3421 1192 3471 habere
1206 3424 1309 3473 distan·

176 3486 246 3536 uem.
282 3434 354 3536 dato
373 3485 498 3535 oratione
516 3500 597 3549 qrram
616 3484 648 3532 de
668 3434 724 3533 suls
742 3487 889 3535 uirtutibus
907 3488 1029 3536 scribsit:
1054 3489 1135 3538 Aliud
1153 3497 1195 3539 eat
1212 3506 1309 3556 propc—

175 3568 230 3603 rere
249 3553 325 3603 aliud
342 3553 491 3603 festinare:
516 3553 562 3616 qui
585 3567 665 3600 untnn
691 3553 753 3617 quid
776 3559 882 3602 mature
906 3555 1034 3619 transigit
1056 3557 1080 3604 is
1097 3565 1240 3622 properat,
1266 3560 1311 3624 qui

175 3620 256 3672 multa
273 3620 354 3671 simul
377 3621 475 3686 incipit
497 3634 586 3684 neque
605 3620 712 3684 pertinit
736 3621 859 3669 festinat.
900 3636 993 3671 uerum
1016 3630 1190 3689 utrorumque
1214 3627 1311 3676 uerbo·

175 3702 227 3738 mm
245 3690 317 3739 ratio
335 3689 387 3737 sub
404 3689 457 3738 hac
475 3688 663 3752 significantia
681 3703 812 3752 proxuma
830 3694 873 3736 est
889 3690 1012 3750 ueritati,
1031 3696 1062 3739 ut
1074 3692 1110 3740 sit
1123 3708 1207 3758 saepe
1227 3694 1312 3743 animi

176 3771 318 3822 properare
337 3756 459 3805 studiose
478 3756 575 3805 adres
594 3755 702 3819 aliquas
715 3756 915 3811 contendentis,
935 3759 1067 3806 festinare
1086 3775 1197 3825 corpore
1216 3777 1311 3811 neces-

176 3823 300 3873 sitatibus
322 3823 501 3888 obsequendi.
543 3824 617 3887 Virg.
642 3823 688 3871 lib.
712 3824 782 3872 llll:
806 3824 842 3872 Et
864 3824 961 3873 mediis
984 3841 1116 3890 properas
1140 3829 1311 3892 aquilonibus

175 3890 211 3939 ire
233 3907 283 3956 per
306 3891 401 3940 altum.
436 3891 507 3940 idem
526 3891 594 3942 deu.
619 3891 665 3939 lib.
685 3891 724 3939 II:
744 3892 887 3940 Festinato
905 3893 967 3941 uiri.
1004 3909 1067 3942 num
1086 3911 1155 3959 quae
1175 3903 1230 3945 taur
1248 3913 1312 3947 sera

176 3965 292 4008 moratur
314 3957 485 4023 Sognitiesi’
519 3959 532 4006 I
556 3957 619 4006 titt:
650 3960 772 4008 ‘llarcus
797 3960 866 4007 (fato
891 3961 930 4007 sic
954 3960 1096 4025 distinguit
1119 3963 1227 4012 dicens:
1258 3966 1310 4025 Qui

175 4026 381 4090 unumquodque
400 4030 504 4075 mature
524 4027 695 4090 transigitis
714 4032 857 4091 properat;
883 4029 927 4090 qui
948 4028 1033 4077 nrulta
1051 4029 1129 4078 simul
1148 4032 1247 4096 incipit
1265 4048 1311 4081 ne-

176 4108 224 4157 que
242 4092 352 4183 perficit
370 4092 393 4140 is
413 4093 541 4142 festinat:
574 4109 624 4158 ego
642 4094 849 4157 unumquodque
869 4095 939 4159 quod
959 4095 1070 4145 adortus
1089 4113 1163 4146 crans
1177 4099 1311 4162 transige·

175 4159 243 4210 barn.
273 4188 307 4197 -
341 4160 441 4209 Festus
464 4178 490 4225 p.
513 4159 576 4209 234:
597 4173 625 4208 ‘s
643 4179 658 4208 a
677 4179 692 4208 a
712 4162 783 4224 apud
807 4162 939 4211 Catonem
963 4163 990 4211 in
1015 4179 1137 4227 eaquae
1157 4171 1198 4213 cst
1217 4171 1312 4214 contra

175 4227 318 4278 Thermum
337 4228 371 4277 de.
389 4228 447 4277 suis
469 4227 628 4278 uirtutibus:
652 4227 733 4276 Aliud
749 4232 792 4276 est
814 4244 962 4292 properare
982 4229 1055 4279 aliud
1085 4231 1230 4290 festinare,
1266 4234 1313 4296 qui

256 4392 275 4445 2
291 4382 449 4459 transsigit
461 4383 494 4440 M
