2964 5002
662 395 766 436 earvr
787 397 811 436 ιι
945 448 949 453 ,
1245 379 1306 438 447

169 544 375 619 cognoscimus
390 542 471 622 quod
487 546 690 623 proprietates
705 546 880 603 animalium
905 564 1068 625 eorumque
1084 551 1181 604 mores
1199 548 1308 626 quibus

168 643 370 703 adirominum
386 645 614 705 similitudinem
630 646 814 706 accederent
831 647 1067 706 narratiunculis
1079 646 1227 725 adpositis
1240 668 1306 725 per-

167 743 279 803 scribit.
306 765 406 824 pauca
416 745 504 804 huius
522 745 592 805 libri
605 748 775 825 fragmenta
794 747 833 806 ad
855 769 910 808 nos
922 758 1146 827 pervenerunt,
1165 732 1307 827 quoniam

166 844 283 904 Isidoro
295 846 326 904 in
338 846 415 906 libro
428 845 466 907 de
478 857 588 907 natura
599 869 700 907 rerum
711 869 821 907 nonum
837 858 952 908 tanturn
965 861 1117 928 pratorum
1130 849 1239 911 librum
1252 871 1306 910 ex-

168 966 293 1027 cerpere
304 947 430 1026 placuit.
455 947 599 1008 babuisse
612 969 679 1009 eum
693 959 792 1008 tamen
807 949 957 1008 decimum
968 960 1123 1029 pratorum
1137 950 1244 1010 librum
1260 952 1308 1011 bis

114 1052 120 1063 “
166 1050 315 1125 originum
326 1048 401 1108 locis
413 1048 544 1108 efficitur
554 1050 619 1108 XlI
631 1060 662 1122 2,
679 1058 709 1111 12
720 1056 793 1108 sicut
805 1060 938 1108 usserunt
950 1056 1000 1123 qui
1008 1062 1131 1110 nutrirat
1142 1057 1306 1110 attinentium

165 1154 356 1224 scripserunt,
370 1150 482 1210 ibidem
490 1160 516 1222 6,
525 1163 560 1213 50
571 1156 606 1209 de
617 1155 719 1225 picibus
730 1156 849 1209 tradita!
860 1157 887 1209 ei
895 1157 945 1225 qui
954 1157 1182 1219 marrimandum
1195 1159 1308 1212 irritaris

165 1256 356 1324 scripserunt.
386 1262 547 1330 praeterea
563 1252 601 1311 de
618 1253 789 1331 meropibus
811 1253 832 1310 l.
848 1273 874 1310 e.
890 1261 921 1324 7,
945 1258 985 1315 34·
997 1252 1103 1312 eadem
1122 1256 1186 1313 fere
1203 1253 1306 1326 habet,

165 1371 245 1430 qnae
260 1352 356 1414 schol.
377 1353 469 1412 Bern.
489 1353 509 1411 l.
527 1364 553 1411 e.
579 1353 696 1432 (fragm.
714 1352 776 1431 164)
795 1355 976 1415 Suetonium
1001 1354 1140 1413 ‹locuisse
1159 1357 1306 1415 referunt.

166 1473 225 1532 qua
237 1474 272 1513 re
288 1474 348 1513 non
361 1453 498 1514 dubitavi
513 1457 663 1532 originum
679 1455 789 1514 librum
802 1453 1030 1527 duodecimum,
1049 1458 1100 1535 qui
1115 1455 1153 1515 de
1169 1458 1307 1516 animali·

131 1618 135 1627 ,
166 1554 221 1614 bus
242 1557 321 1633 agit,
349 1556 380 1614 in
406 1575 466 1635 quo
493 1566 652 1636 poetarum
678 1557 853 1615 testimonia
879 1555 1045 1615 lectissima
1072 1558 1307 1636 conspiciuntur,

166 1655 204 1714 ad
227 1655 476 1735 amplificandam
495 1666 617 1717 tenuem
645 1658 730 1716 illam
752 1658 926 1715 memoriam
948 1657 1109 1728 adliibere;
1143 1657 1197 1716 sed
1226 1658 1307 1737 quod

166 1757 196 1816 in
219 1756 369 1835 originum
392 1758 477 1819 libris
503 1758 776 1818 diversissimorum
799 1768 954 1817 auctorum
975 1757 1307 1839 diversissimarumque

166 1878 265 1917 rerum
278 1859 414 1932 confusio
430 1859 534 1918 trrrbus
546 1861 576 1919 in
594 1861 671 1919 libro
684 1859 721 1918 de
738 1868 848 1918 natura
864 1879 963 1918 rerum
979 1863 1103 1939 saepius
1120 1881 1138 1918 a
1152 1861 1240 1920 uobis
1255 1884 1309 1920 no·

166 1967 246 2018 tatas
262 1961 353 2019 etiam
369 1971 512 2039 superat,
530 1983 591 2021 non
605 1963 689 2042 potui
712 1962 785 2040 quin
801 1959 985 2019 notabiliora
1001 1970 1118 2021 tantum
1134 1963 1306 2040 seligerem,
1350 1948 1352 1959 ¹

168 2080 203 2120 ea
224 2069 328 2121 antem
349 2064 450 2122 omnia
471 2061 574 2143 quoad
595 2064 660 2122 eius
682 2063 747 2121 lieri
768 2071 871 2139 posset
889 2081 1061 2121 resecarent
1081 2085 1207 2143 qnorum
1231 2065 1308 2124 alios

168 2172 307 2222 eructares
327 2162 536 2224 demonstrare
550 2165 666 2225 liceret.

250 2264 424 2325 Admodum
450 2285 523 2325 vero
553 2265 716 2325 dolendum
742 2273 790 2325 est
808 2265 893 2324 nullo
916 2275 998 2324 certo
1022 2268 1193 2327 testimonio
1223 2269 1308 2327 nobis

169 2375 308 2426 construe
330 2368 387 2426 etsi
408 2388 554 2427 summum
576 2368 800 2446 probabilitatis
822 2367 949 2444 gradum
971 2368 1092 2444 attingit
1115 2367 1194 2426 idem
1220 2389 1307 2446 argn-

168 2478 300 2528 mentum
316 2469 495 2528 Suetonium
515 2471 546 2528 in
568 2468 798 2549 insequentibus
819 2482 972 2546 pratorum
996 2469 1080 2527 libris
1103 2469 1315 2545 continuasse,'

167 2579 200 2629 ut
222 2569 384 2630 undecimo
406 2569 576 2649 plantarum
605 2570 784 2648 duodecimo
807 2571 941 2649 lapidum
961 2580 1084 2629 naturas
1112 2570 1306 2631 describeret.

170 2691 296 2751 qnorum
322 2673 451 2732 fortasse
478 2673 566 2752 plura
587 2673 724 2732 Isidorus
745 2674 776 2730 iu
799 2675 931 2751 origines
949 2673 1000 2731 ubi
1022 2672 1143 2732 eosdem
1160 2675 1308 2749 staturalis

171 2774 313 2835 historiae
328 2774 413 2834 locos
430 2784 597 2854 pertrectat
613 2776 812 2852 transcripsit.

250 2876 360 2935 Libros
376 2884 477 2935 autem
493 2877 531 2936 de
547 2878 664 2936 naturis
679 2896 777 2936 rerum
793 2876 930 2936 studiose
946 2876 1046 2933 medio
1064 2897 1141 2935 aevo
1157 2877 1309 2936 lectitntes
1400 2929 1401 2933 ,

147 2964 151 2972 “
171 2998 235 3038 esse
248 2977 370 3039 Giraldi
386 2977 580 3038 Cambrensis
600 2990 630 3038 et
646 2978 792 3038 Guilelmi
809 2978 958 3055 Capellae
976 2976 1015 3035 de
1032 2979 1159 3038 Auletta
1174 2982 1308 3038 testimo·

170 3082 228 3140 niis
249 3090 377 3141 constat.
414 3090 445 3140 et
465 3101 538 3140 vero
557 3083 588 3140 in
609 3080 710 3140 studia
728 3081 815 3143 liuius
834 3081 944 3139 aetatis
962 3079 1123 3141 maximam
1139 3082 1200 3139 vim
1221 3101 1309 3140 exer-

171 3185 268 3242 cuisse
282 3192 317 3242 ut
332 3182 511 3242 Suetonium
526 3184 556 3241 in
567 3182 625 3240 hac
642 3181 763 3262 quidem
776 3203 808 3240 re
823 3184 890 3241 iure
907 3202 972 3240 carn
985 3181 1086 3239 Plinio
1099 3195 1129 3239 et
1144 3183 1310 3242 Aristotele

170 3284 336 3345 contendas
353 3285 448 3362 longa
462 3286 644 3343 inritaturum
661 3284 756 3356 series
777 3283 963 3343 demonstrat
982 3283 1035 3361 qui
1049 3283 1155 3342 eadem
1176 3287 1242 3345 lere
1263 3305 1310 3345 ar-

170 3397 313 3463 gumenta
334 3395 554 3466 pertractantes
576 3387 661 3446 libris
681 3388 743 3446 suis
767 3384 897 3445 eundem
918 3385 1038 3444 titulum
1060 3384 1098 3444 de
1128 3389 1244 3448 naturis
1260 3388 1311 3446 vel

170 3487 406 3570 proprietatibus
424 3509 524 3548 rerum
541 3490 769 3568 inscripserunt.
799 3508 927 3567 quorum
943 3487 1078 3546 tabularu
1101 3490 1206 3564 exegit
1226 3490 1312 3547 Pitra

171 3591 393 3670 prolegomenis
408 3589 446 3648 ad
463 3591 614 3668 spicilegii
632 3591 833 3650 Solesmeusis
848 3600 918 3650 tom.
935 3590 983 3647 lll
1000 3610 1030 3668 p.
1048 3590 1203 3663 XXVlll,
1221 3611 1311 3670 qamn
1382 3634 1387 3643 .

172 3693 219 3752 liic
235 3714 254 3752 a
268 3713 317 3753 me
338 3691 568 3768 emendatam)
583 3694 741 3772 proposui:

236 3892 261 3955 *l
275 3895 392 3945 Praeter
405 3894 461 3945 alia
475 3910 535 3944 oum
547 3911 624 3960 quein
636 3896 722 3960 primo
732 3893 793 3943 loeo
803 3896 895 3958 posuit
909 3893 951 3944 Fl.
962 3894 1086 3945 Mallium
1097 3894 1267 3945 Theodorum
1278 3894 1311 3945 do

172 3987 269 4031 natura
287 3995 378 4030 rerum
397 3980 484 4031 omisi.
515 3980 547 4030 ile
567 3981 644 4031 cuius
663 3980 731 4029 libro
745 3979 896 4029 Salmasius
914 3982 1003 4045 praef.
1023 3981 1057 4031 ad
1070 3979 1223 4045 Ampelium
1242 3981 1312 4029 liaeo

171 4064 250 4116 dicit:
287 4080 337 4114 oon
356 4065 469 4114 dissimili
490 4068 564 4129 penio
583 4069 632 4114 etsi
648 4067 762 4114 ‹lissiuiili
779 4072 925 4128 arpiiraento
943 4069 1053 4128 sar-ipius
1077 4065 1204 4114 Tltcodori
1221 4065 1315 4114 illontii

171 4150 234 4201 liber
251 4153 284 4200 de
303 4156 397 4199 natatu
415 4166 498 4198 rermu
515 4152 646 4214 creatrixque
665 4149 821 4197 riuturalibua
839 4151 871 4198 de
889 4151 968 4198 astris
986 4157 1010 4199 et
1034 4153 1090 4197 siliis
1114 4149 1247 4207 eternum,
1271 4152 1315 4214 qui

171 4237 253 4285 autre
270 4237 297 4284 ia
315 4233 470 4284 bibliothecis
487 4241 560 4283 estut
579 4251 651 4282 iiiunu
670 4239 794 4282 eaerulus
812 4240 837 4281 et
853 4236 971 4296 perieatri
986 4250 1101 4283 sertitem·
1113 4234 1267 4292 conpositus.
1291 4237 1313 4282 is

171 4327 208 4368 est
236 4319 384 4369 Theodorus
403 4319 526 4376 ,liauiiua
551 4322 620 4368 cuius
643 4321 794 4366 coriariorum
817 4318 952 4368 celebravit
976 4322 1085 4368 cernuae
1110 4316 1262 4364 Ciuiiiliusus
1286 4324 1312 4365 a!

170 4410 194 4451 et
211 4419 278 4468 opus
289 4404 377 4468 breuia
409 4405 445 4456 ef.
464 4404 632 4454 Claudianus
651 4403 685 4451 ‹le
705 4401 1074 4452 cons.1³1.Malli'1¹ueo‹lori
1093 4414 1192 4465 paneg.
1206 4399 1238 4447 et
1252 4416 1312 4464 sqq.
