2964 5002
693 393 735 434 DE
757 392 873 434 Possm

290 537 363 620 quis
386 545 513 600 tuntum
536 538 659 625 eloquii
681 540 841 625 potuisset
864 540 950 606 ferre
973 551 1148 627 tumorem,

291 638 421 701 aemula
445 639 630 722 Vergilium
653 639 750 704 tellus
773 642 837 704 nisi
860 648 969 707 Tusca
992 643 1147 709 dedisset.

291 737 366 801 huie
388 741 520 824 genitor
539 739 675 825 figulus,
696 741 788 806 Maro
809 746 955 826 nomine,
979 744 1085 809 cultor
1106 747 1206 831 agelli

291 848 327 902 ut
350 840 497 904 referunt
518 840 577 904 alii
597 843 688 906 tenui
710 843 859 908 mercede
881 845 1025 928 locatus,
1215 837 1219 843 ⁵

291 940 349 1003 sed
373 941 480 1026 plures
503 941 651 1027 figulum.
695 946 768 1030 quis
790 968 856 1009 non
878 947 1035 1011 miracula
1052 970 1160 1012 rerum

291 1043 373 1106 haec
395 1043 550 1130 stupeat?
594 1044 686 1135 diues
709 1055 821 1132 partus
841 1047 886 1111 de
908 1070 1052 1135 paupere
1071 1072 1157 1113 uena

291 1145 438 1207 emicuit:
476 1143 572 1230 figuli
594 1147 722 1210 soboles
745 1168 832 1213 noue
854 1150 999 1212 carmina
1020 1151 1124 1236 finxit.

290 1254 395 1309 mater
416 1245 510 1309 Polla
531 1246 594 1309 fuit
613 1246 716 1332 Magii
739 1270 805 1313 non
826 1249 938 1312 infima
961 1251 1083 1339 proles,

290 1368 386 1432 quem
408 1369 556 1411 socerum
577 1350 723 1432 probitas
746 1349 825 1414 fecit
844 1353 909 1415 iam
932 1351 1021 1415 clara
1043 1352 1181 1418 Maroni.

288 1448 373 1512 haec
391 1471 464 1512 cum
486 1457 614 1513 maturo
638 1460 840 1537 premeretur
862 1452 1007 1537 pondere
1031 1456 1156 1517 uentris
1162 1504 1172 1536 ‚

288 1558 327 1612 ut
348 1548 431 1614 solet
455 1551 489 1612 in
512 1551 633 1614 somnis
656 1544 785 1617 animus
808 1565 947 1618 uentura
967 1555 1152 1640 repingere,

286 1651 407 1714 anxius
433 1659 465 1714 et
484 1651 596 1736 uigilis
619 1674 826 1739 praesumere
846 1654 967 1738 gaudia
988 1676 1080 1736 eura,

287 1751 432 1816 Phoebei
457 1753 599 1816 nemoris
619 1776 743 1818 ramum
765 1755 890 1818 fudisse
912 1757 1049 1842 putauit.

287 1878 308 1917 o
332 1874 429 1938 sopor
450 1854 608 1918 indicium
630 1857 717 1919 ueri!
761 1854 807 1918 nil
829 1858 950 1920 certius
968 1879 1119 1943 umquam

195 1966 201 1973 ‘
286 1977 408 2020 cornea
423 1963 520 2041 porta
540 1956 625 2021 tulit.
669 1958 758 2021 faeta
779 1966 829 2021 est
851 1958 1028 2044 interprete
1052 1959 1143 2024 lauro

286 2066 379 2121 certa
400 2079 518 2142 parens
541 2057 714 2144 onerisque
736 2059 787 2122 sui
808 2068 1006 2143 cognouerat
1028 2068 1141 2124 artem.

287 2159 422 2224 consule
445 2157 601 2244 Pompeio
623 2159 779 2225 uitalibus
803 2160 911 2224 editus
934 2161 1022 2224 auris

287 2268 321 2324 et
346 2259 465 2326 Crasso
487 2261 598 2344 tetigit
617 2270 738 2325 terram
761 2283 825 2348 quo
848 2270 993 2348 tempore
1017 2261 1137 2327 Chelas

287 2365 355 2427 iam
377 2365 464 2428 mitis
487 2363 635 2428 Phaeton
658 2372 731 2449 post
751 2363 899 2448 Virginis
922 2384 977 2428 ora
1002 2365 1138 2450 recepit:

286 2465 445 2530 infantem
466 2465 599 2549 uagisse
620 2472 753 2547 negent.
794 2487 869 2528 narn
892 2465 999 2529 fronte
1023 2486 1138 2528 serene

287 2569 460 2652 conspexit
479 2566 648 2645 mundum,
671 2566 724 2629 cui
746 2565 915 2630 commoda
936 2575 1027 2629 tanta
1050 2565 1186 2630 ferebat.

287 2670 359 2754 ipse
376 2668 558 2754 puerperiis
582 2667 698 2731 adrisit
718 2666 833 2731 laetior
853 2667 957 2732 orbis:

286 2779 375 2832 terra
397 2770 596 2832 ministrauit
617 2768 714 2832 flores
737 2777 769 2832 et
790 2790 923 2832 munere
947 2791 1047 2832 uerno

287 2869 426 2934 herbida
445 2873 614 2957 supposuit
634 2892 733 2956 puero
759 2869 916 2933 fulmenta
938 2871 1114 2934 uirescens.

287 2983 472 3059 praeterea,
496 2975 523 3035 si
547 2993 624 3035 uera
646 2971 743 3052 lidos,
767 2971 825 3036 sed
846 2993 926 3034 uera
948 2971 1119 3057 probatur,

288 3076 355 3139 lato
376 3073 492 3137 cohors
515 3074 625 3159 apium
646 3072 752 3137 subito
774 3095 833 3160 per
855 3093 931 3136 rura
954 3072 1091 3136 iacentis

286 3175 380 3239 labra
399 3175 486 3238 fauis
508 3176 590 3238 texit
612 3174 724 3238 dulces
749 3173 863 3238 fusura
880 3171 1039 3259 loquelas.

286 3279 347 3342 hoe
367 3275 531 3364 quondam
551 3277 585 3339 in
604 3298 696 3340 sacro
717 3284 841 3339 tanturn
864 3275 983 3338 mirata
1004 3275 1141 3339 Platone

286 3379 445 3444 indicium
463 3376 595 3464 linguae
617 3385 772 3442 memorat
795 3377 921 3440 famosa
942 3371 1116 3440 uetustas(

287 3481 346 3546 sed
369 3480 493 3544 Natura
512 3502 631 3565 parens
653 3501 831 3565 properans
854 3477 1011 3551 extollere
1034 3480 1171 3542 Romam

287 3595 320 3649 ct
342 3583 437 3645 Latio
460 3580 550 3644 dedit
572 3581 647 3662 hoc,
671 3579 811 3665 nequid
833 3578 1027 3643 concederet
1050 3580 1117 3642 uni.

201 3760 397 3770 ——.--———-

285 3871 436 3952 tTusca]
457 3875 496 3947 cs.
522 3876 638 3932 Servius
660 3878 729 3930 Aen.
753 3877 855 3930 X201
875 3880 979 3929 nostra
997 3878 1070 3929 coni.
1093 3874 1312 3945 Orodendorpins
1329 3867 1343 3950 Ι]

198 3976 215 4025 «1
237 3962 331 4020 locati
356 3962 491 4016 Heinsius
512 3954 563 4039 116
585 3959 634 4016 hic
657 3979 712 4032 neg.
737 3960 812 4015 Pon.
837 3968 863 4014 et
887 3958 961 4013 Saul.
979 3951 1021 4036 {li
1047 3956 1169 4014 emicuit
1192 3977 1244 4030 inp.
1267 3958 1343 4013 Pith.

198 4058 225 4105 et
245 4050 339 4104 Seni:
361 4044 468 4101 enituit
483 4039 495 4124 Η
512 4054 528 4106 9
545 4043 628 4101 claro
645 4047 773 4116 Scaliqer
793 4049 822 4098 in
847 4062 919 4115 mg:
943 4049 1004 4098 tam
1025 4061 1097 4098 cara
1120 4043 1255 4098 Heinsius
1271 4039 1343 4097 oda·

199 4143 281 4191 mata
302 4132 458 4186 Burinius:
483 4128 554 4187 data
575 4124 588 4207 ll
615 4141 638 4189 tt
664 4130 823 4205 repingere
843 4128 1021 4183 Minrckerns
1038 4130 1076 4182 od
1092 4128 1222 4197 Fulgeni.
1248 4126 1342 4195 Virpii.

198 4220 358 4276 Continent.
375 4231 443 4288 pop.
459 4220 531 4269 151.-
557 4215 719 4290 repingons
734 4208 748 4292 ΙΙ
767 4221 797 4271 1⁸2
814 4212 914 4287 uigilis
937 4214 1056 4282 scripsi:
1085 4208 1170 4283 uigili
1187 4202 1199 4285 ll
1218 4215 1249 4267 18
1264 4215 1344 4262 terra

198 4304 329 4375 Scaliger
353 4295 366 4377 Η
391 4307 422 4360 19
444 4299 559 4375 recepit
580 4301 698 4369 scripsi:
726 4306 867 4375 receptus
890 4290 903 4375 {l
924 4304 958 4354 20
982 4291 1089 4351 fronde
1111 4294 1173 4347 cod.
1198 4291 1273 4347 Scal.
1293 4292 1345 4346 sed

197 4387 298 4445 fronte
320 4386 397 4441 Scot.
414 4387 442 4439 in
458 4400 511 4455 my.
