2964 5002
387 393 391 402 ·
492 371 520 410 r.
536 369 714 411 urrsossnn
730 369 969 412 couusuranrvs
1238 353 1299 415 495

164 521 257 581 los-in
271 528 381 579 vetars
396 519 538 580 Parisino
561 528 698 594 exstant,
722 541 762 580 ax
781 520 912 580 adverso
934 521 1038 599 posui,
1055 522 1141 580 simul
1164 522 1301 584 subiecta

164 621 334 701 scripturae
350 621 560 700 discrepantia
575 621 759 692 notabiliore
775 623 965 681 noviciorum
980 621 1132 681 librorum.

427 759 458 819 p.
474 747 536 802 28'
967 760 998 818 p.
1014 749 1049 803 33

215 843 304 899 uioliii
317 843 349 898 P.
368 845 458 916 scipio
473 846 500 898 ei
511 841 625 915 profuit
636 844 708 899 niliil
751 856 753 861 '
794 846 883 914 scipio
897 844 985 899 niuliil
996 842 1111 914 profuit
1125 845 1212 908 uicli'd

214 945 257 1002 illi
269 946 352 1001 lelius
366 947 438 1001 uilril
450 947 621 1001 simiuiatros
633 961 689 1017 per
796 948 895 1001 ludius.
923 944 1023 1016 furius
1037 954 1097 1001 ires
1111 962 1166 1017 par

213 1048 287 1103 idom
303 1053 413 1118 tempus
431 1049 482 1119 qui
498 1048 645 1119 upiiobuui
740 1058 757 1111 3
796 1049 868 1103 idem
888 1055 998 1119 tompus
1016 1051 1066 1119 qui
1082 1051 1229 1121 opitulum

216 1150 323 1205 nobiles
334 1149 481 1222 facillime.
503 1164 601 1204 sorum
617 1150 663 1204 ille
798 1151 904 1205 nobiles
915 1149 1062 1222 facillimo.
1081 1166 1179 1206 eorum
1196 1154 1242 1207 ille

217 1266 306 1323 opera
321 1266 357 1307 ue
371 1253 483 1307 domum
498 1252 610 1322 quidem
796 1267 886 1322 opero
902 1266 938 1306 no
953 1254 1063 1307 domum
1079 1255 1190 1324 quadem

216 1354 243 1408 ai
254 1354 334 1409 oluit
349 1355 561 1410 couduccioiom
574 1336 673 1408 saltim
740 1361 757 1415 6
798 1353 896 1408 latuit
917 1356 1122 1410 corrduciicium
1137 1358 1236 1410 sallem

217 1461 248 1510 ot
262 1461 336 1510 esset
352 1472 408 1526 quo
424 1454 551 1527 referret
566 1455 669 1509 obitum
798 1461 828 1510 ui
843 1461 917 1510 esaei
934 1473 993 1537 quo
1005 1455 1132 1527 referret
1146 1459 1249 1513 obitum

195 1595 198 1598 -
216 1557 323 1612 domiui
336 1557 461 1612 seruulo.
799 1559 905 1612 domiui
918 1559 1060 1629 seruulus.

221 1686 278 1738 lP.
291 1687 336 1738 vei
350 1705 379 1753 p.
397 1686 441 1738 vel
459 1686 671 1753 Pulliuafflog.)
800 1687 813 1737 l
842 1691 923 1753 scipio
952 1685 1038 1755 nichil]
1069 1691 1130 1740 nidi!
1153 1691 1252 1755 publius

220 1771 263 1821 vel
291 1771 380 1822 Publio
409 1771 496 1835 (Vrb.)
523 1772 568 1822 vel
596 1775 620 1857 ep'
643 1790 672 1837 p.
798 1775 878 1838 scipio
897 1777 933 1823 nil
949 1768 1015 1839 Reg.
1129 1774 1251 1825 2lsdiua.

220 1855 329 1922 (Naap.)
411 1858 492 1922 scipio
501 1858 601 1921 profuit
612 1859 672 1907 siue
795 1856 892 1924 sumus]
906 1863 931 1908 ei
941 1861 1012 1909 lelius
1022 1861 1083 1909 ula
1090 1860 1251 1923 firumlsine

218 1943 250 1990 ei
344 1938 426 2007 tila]
451 1944 477 1991 ei
579 1944 672 1992 simiai·
799 1946 824 1993 ei
839 1944 902 1994 Par.
922 1945 980 2004 alt,
998 1944 1076 2010 Rog.)

219 2023 300 2092 atros]
321 2026 407 2090 furius
430 2033 484 2076 tres
547 2033 559 2058 ·
618 2025 676 2076 (isi

220 2107 302 2178 obuii]
321 2111 406 2161 doluit
524 2108 541 2159 8
558 2115 671 2160 seruulus

171 2250 212 2310 Et
230 2249 350 2309 initium
372 2247 497 2327 quidem
516 2248 623 2307 horum
645 2267 784 2307 versuum
805 2248 899 2326 longo
927 2269 967 2308 ex
991 2257 1130 2329 te'mpora
1154 2255 1217 2313 tale
1238 2256 1303 2315 vul·

172 2361 259 2429 gutur
284 2351 352 2411 loco
376 2350 494 2428 priora:
533 2353 574 2408 aii
593 2352 712 2407 Publius
737 2345 750 2430 ss
779 2350 875 2422 Scipio
897 2351 1027 2423 profuit,
1058 2356 1101 2411 nil
1128 2359 1155 2411 ei
1178 2358 1313 2435 Ladona„

172 2457 213 2511 nil
229 2455 355 2510 Furius:
379 2470 473 2531 aqua
488 2453 593 2531 specio
613 2452 656 2510 ita
670 2459 787 2509 tantum
802 2452 987 2514 Rotlrianurn
1009 2454 1180 2530 exemplum
1202 2454 1304 2514 differt

172 2564 204 2614 ut
217 2559 260 2613 illi
280 2574 335 2634 pro
351 2557 378 2610 ei
395 2551 583 2613 substituerit
599 2552 676 2611 duco
691 2553 850 2625 Parisino,
872 2553 904 2611 id
925 2553 1007 2632 quod
1030 2555 1090 2612 iam
1111 2556 1303 2615 commenda-

173 2664 259 2717 uerat
274 2656 423 2734 Guyetus.
467 2655 553 2714 Talis
574 2663 677 2713 tamen
693 2638 876 2714 constructio
892 2675 954 2713 uon
970 2656 1069 2713 minus
1084 2655 1122 2713 ab
1137 2676 1192 2714 usu
1214 2676 1304 2735 quam

174 2757 211 2817 ab
225 2757 397 2834 elegantia
422 2756 596 2815 reiectanea
623 2766 685 2815 est:
718 2776 776 2815 neo
798 2757 879 2814 euim
898 2757 963 2814 fieri
987 2767 1088 2834 potest
1112 2766 1144 2816 ut
1172 2747 1303 2816 utribus

173 2858 313 2921 membris
330 2858 477 2918 orationis
492 2859 599 2937 eisque
615 2856 750 2916 eiusdem
770 2862 812 2916 nil
826 2858 910 2917 vocis
926 2860 1084 2938 anaphora
1105 2858 1305 2938 aequabiliter

174 2960 310 3020 formatis
325 2959 446 3019 dativus
462 2959 557 3017 solum
572 2958 706 3018 medium
721 2968 878 3039 occupet,¹
893 2961 944 3038 qui
966 2973 1018 3019 ant
1038 2962 1093 3020 soli
1115 2962 1211 3039 primo
1233 2981 1303 3019 eou-

174 3063 306 3122 reniens
321 3070 387 3121 erat
401 3062 459 3120 hoo
473 3069 578 3139 pacto:
595 3065 636 3118 nil
653 3066 681 3118 ei
697 3060 760 3139 (val
780 3060 834 3138 iiii)
863 3065 958 3135 Scipio
975 3063 1103 3135 profuit,
1127 3068 1168 3120 nil
1181 3054 1304 3130 loeiiris,

174 3168 214 3222 uil
230 3144 356 3234 durius,
377 3171 428 3221 aut
450 3171 481 3221 et
503 3163 600 3242 primo
621 3172 652 3221 et
672 3163 819 3222 seeundo.
864 3163 932 3241 Quo
948 3172 1050 3221 tamon
1072 3183 1134 3221 non
1162 3166 1206 3222 ita
1219 3173 1304 3222 utere

136 3260 144 3275 ⁶
175 3275 207 3325 ut
226 3264 316 3325 simul
338 3273 368 3323 et
389 3270 416 3322 ei
441 3273 471 3323 ot
496 3267 537 3321 illi
556 3266 737 3342 pronomine
759 3274 901 3344 suscepto
927 3284 943 3323 e
966 3265 1106 3325 Parisino
1128 3266 1186 3330 hoo
1207 3286 1304 3343 genus

175 3367 302 3446 probos:
322 3371 364 3424 nil
376 3370 494 3434 Pullius
515 3362 528 3444 ΙΙ
549 3366 645 3439 Scipio
665 3370 693 3424 ei
706 3369 836 3441 profuit,
858 3371 900 3425 nil
919 3371 960 3424 illi
975 3367 1105 3436 Lollius,
1124 3371 1166 3425 nil
1180 3371 1304 3426 Furius:

176 3469 299 3549 quando
314 3467 461 3527 absonum
477 3478 524 3527 est
539 3467 667 3526 diversis
682 3469 912 3547 pronominibus
929 3467 1059 3527 eandem
1075 3489 1237 3547 personam
1253 3470 1306 3528 do-

176 3571 294 3631 olarari.
338 3571 396 3629 His
413 3578 513 3628 autam
528 3570 727 3629 incommodis
744 3571 795 3650 qui
817 3591 873 3629 nos
890 3570 1102 3648 expediamus,
1125 3572 1175 3630 via
1199 3581 1306 3650 parata

177 3682 223 3732 ast
241 3673 416 3731 certissima.
461 3671 537 3749 Quis
561 3672 656 3743 enim,
685 3673 737 3750 qui
759 3673 893 3751 aliquem
916 3691 1037 3731 sensum
1059 3672 1232 3749 elegantiae
1253 3674 1306 3733 ha-

176 3770 260 3849 beat,
287 3774 442 3852 patienter
464 3774 544 3832 ferat
571 3754 696 3833 duorum
717 3793 859 3832 versuum
881 3774 1019 3832 confiniis
1047 3773 1167 3833 divulsa
1187 3777 1306 3833 Publius

178 3876 271 3949 Scipio
292 3874 440 3935 nomina?
460 3875 502 3934 Et
516 3885 549 3933 ut
563 3876 643 3934 ultra
658 3874 839 3954 progrediar
853 3875 1081 3947 ratiocinando,
1098 3877 1165 3955 quis
1182 3877 1305 3936 omnino

177 3976 313 4036 additum
328 3955 446 4035 Pullius
463 3996 651 4055 praenomen
667 3976 792 4055 probet,
813 3995 880 4034 oum
902 3975 941 4034 de
961 3977 1021 4035 alio
1043 3977 1102 4036 uisi
1117 3976 1226 4037 Publio
1243 3977 1305 4036 Soi-

177 4078 269 4156 piono
285 4079 410 4138 omnino
426 4077 552 4156 cogitari
567 4078 726 4156 nequeat?
755 4079 825 4142 Vno
841 4076 936 4136 verbo
953 4077 1027 4156 quid
1043 4079 1086 4136 rei
1101 4079 1140 4138 sit
1154 4078 1305 4157 aperiam:

177 4200 243 4241 nou
256 4189 303 4239 est
316 4183 351 4240 P.
371 4172 423 4239 iel
439 4199 471 4253 p.
488 4189 561 4239 nota
576 4182 694 4237 Politia
716 4177 963 4257 interpretanda,
984 4179 1039 4238 sod
1055 4181 1168 4245 Publio,
1189 4179 1246 4238 sio:
1266 4184 1309 4239 nil

178 4266 276 4340 nario
296 4276 311 4363 ῃ
332 4282 425 4355 sarpa
438 4284 564 4356 profau.
582 4285 623 4339 nrt
637 4284 680 4339 5112·
690 4283 820 4346 merrus,
838 4282 1010 4342 irrisurus.
1032 4281 1062 4339 h.
1080 4301 1107 4339 e.
1122 4277 1230 4338 suono
1246 4281 1306 4340 Te-

178 4383 286 4443 rentio.
336 4382 429 4461 Quod
455 4383 579 4463 quidem
608 4381 728 4462 pridem
754 4399 986 4460 perspexeram,
1016 4401 1083 4441 oum
1107 4382 1205 4460 ipsum
1230 4381 1306 4443 illud
