2964 5002
163 343 225 405 532
260 412 267 428 ⁹
572 359 606 401 ru
622 357 724 400 vireu
740 357 912 399 annuaru-

165 517 203 574 tis
220 535 250 592 p.
268 521 319 574 154
333 532 402 592 sqq.
419 512 498 570 conl.
516 530 693 571 excursuum
708 531 739 589 p.
755 515 815 582 443,
831 509 952 568 Keilius
968 508 988 568 l.
1003 529 1028 568 s.
1043 528 1079 582 s.,
1096 515 1252 586 postremo
1267 508 1298 568 in

166 614 351 675 nitidissima
365 613 504 674 Terentii
522 613 658 672 editione
673 611 819 691 Alfrcdus
835 611 1067 695 Fleckeiseuus.
1106 610 1244 690 Quorum
1257 621 1298 672 ta-

166 738 236 776 men
262 717 378 775 nullum
404 713 437 774 id
459 714 542 795 quod
564 734 669 774 verum
689 714 796 772 haberi
818 715 915 793 possit
941 713 1118 775 adsecutum
1144 724 1299 793 putamus:

167 818 249 899 quod
265 839 332 877 eum
346 819 471 895 longum
485 819 525 877 sit
539 817 718 894 singillatim
733 817 894 896 persequi,
918 818 951 875 in
972 818 1077 897 paucis
1100 814 1191 876 nobis
1207 816 1301 877 subsi-

166 921 310 981 stendum
329 921 546 997 intellegimus.
584 920 631 977 Ac
652 919 781 996 primum
803 918 927 999 quidem
949 938 1018 979 eum
1038 939 1160 978 versum
1183 921 1236 1000 qui
1257 928 1303 980 est

167 1022 284 1082 medius
301 1043 364 1081 non
380 1021 511 1082 vidimus
528 1042 546 1080 a
562 1040 714 1101 quoquam
729 1021 772 1079 ita
787 1022 1020 1095 conformatum,
1043 1023 1118 1101 quin
1140 1030 1193 1082 aut
1214 1023 1302 1081 nimis

168 1126 285 1205 asperis
307 1133 359 1183 aut
380 1124 470 1199 nimis
490 1122 642 1183 dobilibus
664 1124 796 1183 numeris
820 1121 946 1182 incedat
967 1132 1019 1182 aut
1039 1123 1077 1181 ab
1099 1134 1231 1204 utroque
1252 1145 1303 1203 ge·

168 1247 242 1287 nere
264 1227 393 1306 lalrorct.
429 1227 549 1284 Nervus
573 1246 636 1284 uon
656 1224 751 1284 habet
775 1244 866 1305 quem
880 1226 1037 1304 Scaligero
1060 1225 1138 1284 duce
1162 1227 1304 1307 plerique

169 1330 283 1405 ercitum
296 1328 465 1409 probarunt
484 1329 610 1403 pentibus
628 1331 726 1393 uaoau
749 1325 840 1387 dunas
862 1337 910 1387 est
925 1337 956 1387 et
970 1329 1133 1405 inelegans
1149 1327 1304 1408 dactylico

168 1430 318 1493 vocabulo
340 1430 577 1510 comprehensus
600 1427 741 1507 dactylus
762 1432 886 1500 Publius,
917 1430 999 1509 quod
1020 1450 1133 1489 nomen
1156 1450 1175 1488 e
1193 1435 1306 1506 populis

168 1534 251 1594 idern
271 1535 324 1593 ille
340 1534 478 1610 Scaliger
501 1531 670 1606 efficiebat,
691 1532 743 1591 vel
763 1552 830 1591 cum
848 1532 958 1606 re‘pitus
975 1541 1001 1590 et
1014 1534 1128 1608 populis
1144 1533 1231 1591 debut
1251 1533 1308 1594 fnit

171 1638 223 1717 qui
244 1634 404 1711 suaderet3
433 1635 510 1694 nihil
532 1634 672 1714 profecto
696 1635 813 1711 gratiae
834 1635 912 1693 tales
935 1636 1041 1715 quales
1062 1654 1163 1713 nuper
1183 1636 1305 1714 placue-

169 1747 241 1798 runt
255 1739 330 1797 ictus
345 1736 462 1796 habent
476 1737 584 1810 Poplirt‘
602 1738 686 1792 dubet
698 1737 830 1810 qe'utibus.
867 1737 1036 1796 Praeterea
1050 1756 1141 1796 nemo
1157 1737 1217 1796 fuit
1234 1739 1307 1819 quin

171 1861 239 1900 cum
257 1841 290 1899 in
312 1840 370 1898 hoc
391 1859 482 1897 versu
503 1845 565 1897 tum
585 1838 618 1896 in
640 1838 738 1915 primo
759 1847 811 1897 aut
831 1837 978 1897 addendo
1001 1847 1053 1899 aut
1067 1839 1241 1899 resecando
1258 1848 1309 1899 aut

170 1940 404 2021 transponendo
424 1941 501 1998 fines
522 1939 692 1999 modestiae
714 1940 854 1998 licentius
875 1942 1010 2018 migrarit
1033 1940 1188 2021 fidemque
1216 1941 1307 2002 libro·

171 2065 237 2104 rum
258 2044 347 2102 nimis
368 2062 479 2121 magno
500 2042 664 2102 intervallo
680 2042 851 2122 reliquerit.
888 2044 984 2103 Porro
1000 2051 1109 2117 autem,
1125 2043 1308 2104 Terentium

173 2165 241 2206 esse
257 2144 298 2204 ad
315 2164 405 2224 quem
419 2145 452 2203 hi
467 2164 572 2204 versus
588 2152 739 2223 spectent,
757 2165 816 2225 quo
832 2144 1088 2233 tandem-indicio
1104 2146 1248 2225 intellegi
1264 2145 1309 2206 di·

173 2247 247 2307 ces?
270 2246 353 2328 quod
373 2247 480 2306 merito
503 2229 665 2307 offendens
682 2247 820 2326 Scaliger
841 2268 907 2306 cum
927 2256 1040 2328 poetae
1060 2251 1175 2308 damen
1197 2250 1243 2308 sie
1263 2250 1308 2309 in-

173 2351 284 2410 ferret:
317 2353 382 2408 Huc
401 2350 476 2425 quae
495 2359 630 2407 uocantur
650 2350 769 2425 scitulae
791 2350 924 2421 Tere'ua'i,
952 2369 969 2408 e
991 2349 1129 2410 conflatis
1151 2357 1261 2411 terentii
1279 2358 1311 2412 et

171 2455 294 2530 pentibus
314 2452 440 2512 vocibus
456 2460 631 2531 portentum
653 2452 822 2531 scripturae
843 2455 1046 2510 recensentibus
1066 2462 1230 2532 repetens,
1254 2453 1309 2516 ali-

176 2553 250 2635 quid
264 2554 352 2628 vidit,
369 2575 432 2613 rem
448 2555 545 2632 ipsum
560 2575 624 2612 non
640 2553 783 2634 pervidit.
816 2553 883 2610 Neo
898 2573 963 2610 cum
979 2553 1118 2632 perbona
1134 2556 1309 2617 coniectura

174 2656 350 2716 Friderieus
366 2655 658 2714 Windischmannus
675 2657 705 2713 in
720 2655 877 2715 Welclreri
892 2655 1067 2735 Naekiique
1082 2657 1191 2716 Museo
1208 2658 1308 2718 Rhen.

175 2771 197 2831 1,
214 2780 244 2837 p.
262 2769 313 2820 113
328 2758 510 2836 principiam
526 2779 631 2815 versus
648 2759 736 2835 primi
752 2759 795 2815 sio
811 2759 947 2815 sanavit:
974 2761 1019 2814 Tu
1027 2777 1067 2815 ue
1086 2777 1159 2832 qaue
1176 2770 1311 2817 rtoeuatur

177 2880 203 2920 e.
221 2880 250 2939 q.
267 2880 300 2931 s,
316 2859 393 2917 illud
410 2860 518 2931 offecit,
536 2860 630 2939 ipsius
646 2868 679 2917 ut
694 2859 948 2936 significationem
964 2869 1077 2939 poetae
1093 2881 1133 2919 uc
1150 2860 1310 2924 desidere·

177 3047 234 3099 ll'oa
256 3046 302 3094 luis
327 3050 368 3110 qui
388 3047 445 3092 iure
470 3046 585 3108 pupulis,
615 3045 858 3109 repueuatioaibua
881 3046 958 3095 debut
982 3045 1121 3097 Barthius.
1163 3048 1223 3097 Huc
1248 3064 1311 3114 quae

176 3137 299 3179 nocemur
317 3133 452 3192 (uer-natur
471 3129 569 3193 nuper)
585 3130 688 3191 scidulas
707 3135 809 3183 cur'ucuc
827 3135 903 3178 sicut?
938 3132 994 3180 Nou
1013 3133 1059 3179 dar
1077 3135 1120 3197 qra'
1136 3136 1194 3182 iuro
1210 3138 1312 3198 populis

177 3216 237 3263 eurl'
256 3215 326 3263 dibus
351 3213 428 3276 (eudo
446 3213 515 3262 didus
534 3212 633 3278 nuper)
657 3214 734 3262 debut
758 3214 881 3263 Bothius.
918 3215 984 3264 Cam
1003 3217 1150 3282 Rutgcrslo
1174 3219 1312 3268 facientes

177 3299 309 3363 inprime
328 3314 407 3347 versu
435 3298 483 3357 Qut
503 3302 560 3346 iura
581 3301 683 3362 populis
704 3299 894 3362 iurploruatidus
913 3299 966 3362 (vel
985 3302 1210 3367 redoperuutibus)
1235 3304 1312 3352 (lubet

177 3385 308 3444 Beierus,
332 3386 378 3443 Qui
396 3389 452 3450 iure
467 3386 582 3447 populis,
605 3400 679 3448 repes
695 3384 810 3447 pentilus
829 3385 906 3434 cludat
926 3387 1057 3449 Vngcrns.
1099 3388 1166 3437 Tuae
1185 3404 1250 3453 quac
1269 3406 1311 3439 uo·

177 3476 267 3519 contar
283 3469 400 3531 ludulae,
420 3486 468 3519 uon
486 3475 541 3517 suut
560 3476 626 3517 turae.
653 3470 741 3519 Notene
766 3471 824 3525 dua,
848 3473 891 3535 qui
908 3476 964 3520 iura
982 3473 1081 3536 rupious
1100 3480 1124 3520 ct
1141 3475 1245 3537 populis
1269 3477 1312 3523 da·

177 3556 219 3603 but
239 3554 356 3603 Kcilias.
397 3555 464 3602 luae
483 3571 546 3618 pierre
566 3562 688 3603 uocantur
703 3550 806 3617 [adalae
825 3558 928 3605 cuiucue
946 3561 1020 3605 scrut?
1045 3558 1101 3605 Nou
1120 3559 1173 3619 lens,
1195 3562 1239 3623 qul
1256 3562 1312 3609 iura

179 3641 283 3703 Poptius
302 3640 379 3687 ‹ludrrt
389 3641 504 3703 pertitus
522 3639 728 3690 Fleckeisenus.
743 3669 774 3675 —
793 3641 926 3690 Nimirum
938 3641 1036 3690 Bothio
1050 3644 1204 3707 lleicroquc
1225 3645 1313 3693 fraudi

179 3725 231 3773 fuit
243 3724 459 3774 Lindonbruchii
473 3742 498 3789 p.
512 3723 561 3772 622
576 3726 618 3773 cd.
632 3726 693 3775 Par.
706 3726 774 3775 haec
789 3726 942 3775 adnotatio:
963 3727 999 3775 ‘T
997 3731 1106 3776 errollus
1119 3726 1209 3793 dedat]
1224 3731 1267 3778 lta
1281 3745 1314 3778 ex

180 3824 240 3858 uss.
260 3812 415 3858 institutam
434 3819 482 3871 cst,
498 3826 610 3874 qaorum
623 3811 693 3859 alter
706 3812 744 3860 sic
759 3811 842 3859 lrabet
861 3838 928 3848 ·····
937 3814 993 3862 cnd'
1005 3812 1059 3861 ibris
1077 3814 1163 3862 dubet.
1184 3814 1257 3879 vulg.
1271 3830 1314 3879 pc-

180 3895 287 3943 teutr‘bus
305 3893 400 3944 debut)
438 3898 516 3955 Quare
535 3897 563 3944 in
582 3896 702 3953 editione
715 3896 942 3946 Frarrcofurtcnsi
959 3899 999 3946 sic
1013 3907 1117 3947 mutata
1136 3907 1199 3947 sant
1211 3917 1236 3963 p.
1251 3899 1312 3949 63⁹2:

181 3981 294 4044 ‘Populis
311 3980 369 4029 crrd'
382 3981 436 4029 ibus
455 3978 544 4045 cludat]
569 3983 613 4030 lta
632 3996 692 4030 nrss.
707 3982 840 4031 Danielis.
861 3983 933 4047 vulg.
953 3984 1095 4047 petentibus
1113 3986 1199 4033 (lubet.
1220 3984 1255 4032 al.
1275 4000 1314 4033 rc-

180 4063 357 4114 cenacutr'ous.‘
392 4064 467 4113 Nulli
486 4067 596 4113 fuorunt
615 4063 699 4115 ‘ass’
718 4068 852 4129 Danielis,
873 4068 1008 4117 sedunus
1027 4085 1070 4117 aa.
1109 4070 1148 4118 Ex
1168 4071 1226 4119 cius
1245 4086 1314 4119 mar⁴

182 4151 244 4212 gine
265 4147 331 4213 (non
357 4154 398 4198 ‘ex
417 4147 502 4212 uss’)
529 4151 685 4200 adsciverat
708 4153 735 4209 in
754 4153 908 4202 Parisinam
932 4154 1063 4203 Terentius
1085 4170 1192 4205 noman.
1229 4158 1314 4218 Quem

182 4231 305 4282 ‘alterum’
319 4234 393 4295 dicit,
413 4250 466 4282 non
486 4234 539 4283 fait
557 4234 627 4284 alter
639 4238 780 4286 Parisinus
793 4245 887 4287 noster
899 4237 973 4296 7021,
994 4239 1041 4288 sed
1055 4245 1103 4288 aut
1116 4240 1269 4290 Continuus
1287 4247 1315 4290 ut

182 4324 246 4380 puto
266 4324 312 4367 aut
331 4320 507 4368 Culucianus
543 4320 693 4370 Praeterea
712 4324 756 4386 qai
774 4323 916 4387 laetentibus
935 4323 1052 4372 ediderit
1071 4339 1124 4373 non
1143 4327 1233 4389 magis
1253 4327 1316 4376 novi

183 4416 262 4462 quarn
277 4404 322 4465 qai
335 4404 479 4464 uolentibus,
494 4404 564 4468 quod
576 4405 604 4454 in
617 4422 724 4456 suarum
738 4409 888 4458 editionum
900 4409 1049 4459 novissima
1062 4415 1181 4460 testatur
1190 4412 1316 4462 Botulus.
