2964 5002
179 306 250 400 170Ι
680 359 810 401 esauvn

176 512 283 568 autem
314 505 476 592 sapientes
511 506 629 591 partim
665 505 803 572 ciuilem.
825 506 941 592 partim
974 507 1154 571 naturalem
1188 509 1308 593 partim
1356 521 1365 545 ¹

175 629 326 692 maguum
349 628 421 671 esse
437 607 601 672 dixerunt.
635 623 760 671 crvluls
782 623 895 672 nuuvs
918 616 967 672 cst
988 608 1095 695 quiin
1117 608 1213 673 huius
1227 610 1309 672 astri
1356 647 1359 655 ·

175 731 308 773 recursu
329 732 387 796 per
412 731 540 773 menses
560 709 629 774 XII
655 711 857 775 terminatur.
902 726 1013 774 auuvs
1037 726 1234 774 unrvksnls
1258 723 1309 774 cst

176 837 225 873 m
243 833 315 874 cum
336 833 370 875 se
392 809 452 876 soli
474 810 553 874 luna
575 813 727 897 supponit
747 820 783 875 ut
803 814 888 876 inter
910 811 1021 877 orbem
1042 812 1120 878 solis
1142 823 1174 876 ει
1195 811 1307 877 oculos

174 920 301 977 nostros
322 913 429 978 media
453 911 540 976 sacta
560 911 710 977 tenebras
736 912 836 978 totius
864 913 951 979 orbis
976 912 1111 990 efficiat,
1144 913 1232 1000 quod
1259 914 1327 978 dis

173 1015 258 1079 citur
279 1015 426 1102 eclipsis,
451 1014 542 1078 cuius
563 1017 647 1079 ratio
668 1014 789 1094 diutius
812 1015 951 1080 obscura
973 1015 1036 1079 fuit
1057 1014 1116 1079 sed
1136 1037 1157 1078 a
1176 1013 1307 1079 Milesio

174 1117 310 1202 quodam
324 1115 514 1202 philosopho
526 1117 676 1203 exposita
688 1126 746 1182 est.
763 1133 876 1181 auuvs
888 1133 1030 1181 unauvs
1045 1117 1163 1182 dicitur
1176 1116 1306 1204 quando

173 1215 1305 1306 ommfflmoemoemfflmmmfflmmmmmmm

173 1393 212 1443 ab
231 1393 387 1443 solstitio
461 1391 633 1442 dixerunt.
652 1391 812 1442 solstitialis
831 1388 918 1442 sunus
936 1397 978 1441 εει
996 1406 1056 1441 cum
1074 1390 1115 1442 sol
1135 1391 1245 1456 expleto
1258 1407 1307 1456 per

173 1463 264 1510 omnia
282 1462 362 1525 signa
380 1461 496 1510 circuitu
515 1461 543 1509 in
565 1459 593 1509 id
616 1459 687 1510 unde
705 1460 868 1526 principium
886 1474 979 1510 cursus
997 1460 1039 1509 sui
1056 1459 1173 1524 sumpsit
1190 1454 1306 1509 recurrit

174 1529 221 1590 (erc
237 1529 354 1579 Andros.
372 1530 485 1579 bessem.
506 1527 576 1577 IIII
592 1532 619 1586 5,
639 1527 699 1590 24);
719 1528 777 1593 ipse
796 1533 838 1578 est
855 1528 953 1578 solaris
972 1543 1058 1577 annus
1072 1526 1117 1576 uel
1136 1526 1239 1587 ciuilis,
1260 1527 1304 1592 qui

173 1597 269 1646 diebus
288 1596 431 1646 CCCLXV
449 1596 597 1660 peragitur.
632 1596 725 1645 Annus
748 1595 852 1646 lunaris
874 1595 945 1644 idem
971 1601 1000 1645 ει
1022 1595 1171 1645 communis
1196 1600 1252 1656 cst,
1279 1593 1305 1644 id

174 1672 215 1714 εει
234 1665 278 1728 qui
297 1680 345 1729 per
362 1664 415 1713 XII
433 1679 540 1713 meuses
558 1663 668 1713 lunares
685 1663 806 1713 decurrit
828 1663 857 1713 id
880 1669 922 1713 cst
939 1663 1036 1712 diebus
1055 1662 1214 1712 CCCLIIII.
1251 1662 1303 1711 An·

173 1748 223 1781 nus
235 1732 408 1782 embolismus
431 1731 536 1796 estqui
555 1731 634 1780 lunas
652 1730 721 1780 XIII
739 1736 766 1780 ει
784 1732 843 1782 dies
862 1730 1075 1781 CCCLXXXIII
1093 1730 1195 1780 habere
1215 1745 1302 1780 mous·
1347 1792 1350 1797 ‚

162 1805 273 1866 ¹tratur,
298 1800 327 1849 in
350 1815 401 1862 quo
420 1814 490 1848 anuo
509 1798 617 1863 longius
635 1796 694 1848 dies
712 1799 833 1863 paschae
857 1799 1035 1864 protenditur.
1070 1799 1166 1861 Annus,
1181 1798 1304 1848 bisextus

172 1867 260 1917 estin
279 1867 429 1931 quounius
450 1867 505 1916 diei
547 1882 576 1915 er
599 1866 805 1931 quadriennium
830 1883 862 1916 ex
886 1867 1045 1931 quadrantis
1069 1867 1175 1916 ratione
1199 1881 1304 1916 summa

172 1934 318 1999 colligitur.
355 1935 446 1983 Annus
464 1883 601 1984 inurimur
618 1939 661 1984 eat
679 1935 860 1994 remissionis,
884 1936 930 2000 qui
948 1935 1069 2000 septenIs
1088 1949 1221 1983 annorum
1239 1933 1302 1984 heb·
1343 1962 1345 1967 =

171 2002 330 2053 domadibus
349 2003 376 2052 id
395 2008 437 2052 est
453 1995 587 2052 XLVIIII'
603 2002 682 2051 annis
700 2002 808 2065 texitur,
828 2003 856 2051 in
875 2018 926 2067 quo
943 2004 1021 2052 iuxta
1033 2001 1121 2067 legem
1135 2001 1304 2067 clangeban-

171 2076 214 2119 tur
231 2071 314 2120 tubae
333 2075 360 2120 et
378 2071 413 2120 ad
431 2085 524 2120 omues
542 2066 732 2120 reuertebatur
755 2071 869 2134 antiqua
886 2071 1033 2135 possessio.
1069 2068 1248 2135 Olympias

170 2139 391 2188 lustrabatur.
416 2138 585 2188 Indictiones
597 2138 713 2189 Romani
730 2138 908 2200 inuenerunt,
927 2154 998 2203 quae
1016 2153 1065 2204 per
1076 2136 1200 2202 singulos
1219 2153 1304 2188 anuos
1358 2174 1366 2191 .

171 2220 256 2281 usque
275 2207 309 2256 ad
328 2207 449 2271 quistum
467 2206 601 2257 decimum
613 2206 762 2256 uenientes
784 2221 877 2256 rursus
900 2207 935 2256 ad
952 2206 1033 2271 primi
1057 2206 1120 2255 anui
1138 2206 1304 2270 principium

170 2273 355 2340 reuoluuutur.
389 2275 462 2324 Aera
485 2288 591 2340 quoque
610 2273 738 2324 Caesaris
755 2275 871 2340 Augusti
895 2279 1017 2340 tempore
1038 2275 1130 2339 posita
1153 2279 1208 2333 cst,
1229 2273 1304 2323 dicta

172 2347 263 2391 autem
281 2358 357 2401 aera,
376 2358 410 2392 ex
427 2357 479 2407 quo
497 2342 584 2392 omnir
601 2342 675 2393 orbis
694 2358 741 2392 aas
759 2342 872 2397 reddere
889 2342 1028 2407 professus
1047 2347 1089 2392 εει
1106 2342 1147 2391 rei
1165 2341 1302 2407 publicae.

171 2426 238 2460 aera
256 2426 273 2460 a
291 2410 336 2460 die
349 2396 533 2460 Kalendarum
546 2410 736 2460 Ianuariarum
755 2409 901 2460 adcrescit.
936 2410 1064 2460 Bisextus
1083 2415 1173 2459 autem
1192 2425 1209 2458 a
1226 2415 1303 2461 sexto
1342 2435 1344 2439 ν

170 2479 262 2528 Nonas
274 2479 390 2528 Martias
408 2494 493 2543 usqne
512 2477 546 2527 ad
564 2478 635 2527 diem
652 2478 741 2544 pridie
753 2478 939 2528 Kalendarum
956 2477 1147 2528 Ianuariarum
1169 2477 1197 2526 iu
1220 2475 1302 2539 lunae

171 2562 251 2596 cursu
270 2547 421 2612 adponitur.
458 2547 550 2595 Annus
569 2543 660 2595 autem
672 2546 872 2610 Aegyptiorum
887 2545 947 2595 sine
966 2545 1073 2595 bisexto
1091 2546 1199 2594 initium
1217 2540 1302 2594 habet

171 2619 266 2679 quarto
285 2613 470 2664 Kalendarum
489 2613 697 2680 Septembrium,
717 2628 777 2662 cum
795 2614 903 2663 bisexto
922 2618 1014 2662 autam
1033 2629 1050 2662 a
1069 2615 1150 2662 tortio
1163 2611 1300 2662 Kalenda-

170 2698 226 2731 rum
245 2698 327 2747 aupra
345 2681 525 2746 scriptarum)
562 2683 598 2731 cl.
618 2682 737 2731 Isidorus
750 2681 838 2745 origg.
858 2681 881 2728 V
893 2678 932 2739 36,
943 2696 983 2746 sq.
996 2681 1033 2730 Vl
1050 2680 1086 2729 17.
1101 2709 1133 2716 —
1145 2680 1302 2730 Macrobius

171 2767 265 2800 comm.
291 2750 352 2816 lt,
375 2747 422 2798 83:
454 2750 535 2798 ‘Nam
557 2766 606 2814 per
628 2757 755 2814 septenos
779 2749 867 2797 octies
890 2747 955 2798 solis
979 2750 1121 2798 anfractus
1145 2749 1301 2813 reditusque

170 2818 368 2882 quinquaginta
387 2823 415 2866 et
432 2833 480 2866 sex
498 2817 743 2882 siguificataunos,
764 2818 918 2866 anfractum
937 2817 1002 2866 solis
1022 2823 1049 2866 ct
1068 2817 1185 2874 reditum
1203 2831 1304 2866 annum

168 2900 284 2934 uocans:
304 2885 458 2933 anfractum
477 2889 587 2950 proptor
604 2885 712 2934 zodiaci
731 2885 870 2946 ambitum,
889 2884 1005 2934 reditum
1025 2886 1088 2950 quia
1107 2885 1204 2934 eadem
1223 2886 1304 2949 sigua

169 2969 217 3016 per
235 2968 319 3001 annos
337 2952 458 3015 singulos
478 2959 554 3003 certa
572 2953 633 3017 lege
651 2951 785 3003 metitur.’
821 2953 941 3002 Isidorus
965 2953 1052 3017 origg.
1071 2953 1094 2999 V
1112 2950 1158 3013 36,
1186 2952 1213 3000 l:
1240 2953 1303 3002 ‘An-

167 3036 217 3069 uus
236 3027 279 3069 εει
295 3019 360 3069 εοιιε
380 3020 534 3083 errlractus,
560 3036 621 3070 cum
643 3022 764 3086 peractis
787 3021 918 3069 trecentis
937 3021 1010 3069 LXV
1028 3020 1124 3069 diebus
1147 3021 1182 3068 ad
1206 3021 1303 3070 eadem

168 3088 285 3137 siderum
304 3087 366 3137 loca
385 3087 473 3137 redit)
499 3116 530 3123 —
554 3089 639 3138 Varro
658 3090 690 3138 1..
709 3090 741 3138 Ii.
760 3088 798 3137 VI
815 3087 844 3136 8:
865 3089 950 3137 ‘Alter
968 3093 1056 3137 motus
1075 3095 1117 3137 est
1135 3087 1201 3137 solla
1221 3087 1304 3138 aliter

168 3172 201 3204 ao
221 3156 292 3205 caeli
312 3156 381 3219 quod
399 3162 522 3206 mouetur
544 3157 672 3206 abruma
696 3157 729 3206 ad
748 3155 896 3206 solstitium
915 3192 1009 3205 .......
1038 3162 1143 3220 tempus
1166 3172 1182 3204 a
1207 3156 1303 3205 bruma

168 3223 201 3272 ad
225 3224 346 3273 brumam
370 3224 431 3273 dum
455 3224 496 3274 sol
514 3225 585 3274 redit
603 3231 717 3274 uocatur
736 3238 835 3284 annus,
860 3225 930 3287 quod
952 3232 981 3274 ut
1005 3225 1083 3289 parui
1107 3223 1204 3273 circuli
1228 3225 1302 3274 anuli

167 3293 207 3341 sic
226 3292 318 3356 inagni
337 3288 500 3341 dicebantur
525 3293 636 3342 circites
660 3294 721 3355 ani,
746 3292 815 3342 unde
841 3290 946 3341 annus’
982 3292 1092 3342 Servius
1115 3293 1183 3341 Αειι.
1207 3291 1302 3341 1269:

168 3360 270 3408 ‘Annus
294 3366 387 3409 autem
407 3359 495 3409 dictus
514 3362 592 3424 quasi
611 3376 714 3410 annuus
738 3361 825 3410 idest
848 3359 963 3410 annulus
987 3361 1057 3424 quod
1080 3361 1108 3408 in
1133 3376 1161 3407 so
1186 3359 1302 3409 redeat)

167 3427 279 3477 Servius
296 3428 363 3477 Aon.
383 3428 406 3475 V
424 3427 471 3476 46:
491 3428 566 3492 ‘quia
583 3445 689 3479 menses
709 3430 735 3477 in
754 3445 783 3478 sc
802 3433 912 3477 currunt
931 3435 958 3476 et
977 3444 1076 3478 aunum
1094 3429 1211 3485 faciunt,
1232 3428 1303 3477 undo

167 3501 195 3543 ει
214 3495 328 3544 annulus
347 3497 425 3559 quasi
444 3501 471 3545 at
489 3495 618 3546 annuus.’
654 3497 773 3547 Isidorus
792 3496 878 3560 origg.
897 3495 920 3543 V
938 3496 983 3556 so,
1011 3495 1113 3560 lsqq.:
1140 3498 1236 3545 ‘annus
1256 3511 1302 3545 au·

167 3568 220 3611 tem
239 3564 327 3612 dictus
346 3564 410 3626 quia
429 3564 567 3614 mensibus
586 3566 614 3614 in
632 3581 660 3614 se
680 3565 882 3614 recurrentibus
899 3565 1026 3614 uoluitur.
1056 3564 1127 3612 unde
1147 3570 1174 3612 et
1187 3563 1304 3613 annulus

167 3631 267 3679 dicitur
285 3631 364 3694 quasi
383 3647 487 3680 annuns
507 3632 594 3682 idest
613 3633 739 3694 circulus,
760 3632 830 3697 quod
848 3633 877 3680 iu
900 3647 929 3680 se
948 3633 1052 3681 redeat.
1090 3631 1235 3693 Virgilius:
1255 3632 1301 3680 At·

168 3715 219 3762 que
243 3700 270 3746 in
295 3714 323 3748 se
343 3714 392 3747 sua
415 3716 464 3764 per
481 3701 602 3765 uestigia
624 3701 744 3751 uoluitur
767 3716 860 3749 annus.
897 3700 938 3749 sic
962 3701 1033 3749 eninr
1058 3700 1129 3763 apud
1152 3700 1303 3763 Aegyptios

167 3766 341 3815 indicabatur
359 3773 423 3815 oute
442 3768 568 3818 inuentae
586 3768 694 3818 litteras
712 3770 786 3833 picto
799 3769 918 3817 dracoue
932 3769 1046 3817 caudam
1060 3783 1137 3815 suam
1151 3767 1301 3826 mordente,

166 3835 231 3898 quia
248 3835 276 3882 in
295 3849 323 3883 se
343 3836 466 3883 recurrit.
504 3835 553 3885 alii
572 3853 671 3886 annum
689 3837 783 3886 dIcunt
801 3826 859 3885 α’πὸ
877 3834 928 3885 τοῦ
945 3826 1185 3885 α’νανεοῦσθαιίει
1205 3841 1248 3884 εει
1266 3836 1301 3883 ab
1352 3846 1357 3853 ·

165 3903 354 3951 inuouatione:
383 3909 530 3952 renouatur
548 3906 619 3953 enim
638 3904 762 3969 semper?
794 3905 829 3953 cs.
849 3905 959 3953 Servius
973 3906 1039 3953 aen.
1059 3905 1081 3952 V
1093 3901 1126 3950 85
1157 3903 1249 3965 Lydus
1268 3902 1353 3967 ⁶02„

165 3987 249 4021 meus.
268 3969 352 4019 1113.
389 3971 545 4020 Macrobius
564 3980 616 4022 sat.
636 3974 648 4022 I
670 3973 712 4036 14,
732 3974 761 4022 5:
785 3973 867 4022 ‘liiuc
886 3978 914 4021 et
932 3973 1028 4021 Ateius
1046 3972 1145 4035 Capito
1165 3987 1265 4019 aunum
1285 3986 1301 4018 a
1327 3968 1330 3975 ’
1350 3992 1354 3997 Δ

252 4137 259 4187 1
279 4128 432 4202 sapientes
450 4125 551 4184 mundi
566 4130 695 4186 Isidorus
718 4123 730 4208 Η
751 4136 866 4204 partem
881 4125 920 4184 B¹
934 4132 976 4186 bis
991 4123 1004 4207 Η
1020 4139 1035 4188 2
1049 4128 1137 4186 unius
1153 4127 1188 4186 ,ι’
1208 4127 1221 4212 Η
1236 4142 1253 4194 4
1270 4132 1301 4187 ut

165 4233 230 4270 cum
255 4214 279 4267 B
300 4207 312 4289 Η
335 4231 368 4270 εε
386 4231 440 4267 onr.
460 4216 483 4267 Α
503 4205 516 4290 Η
538 4211 718 4291 subpopouit
742 4209 776 4271 ΑΙ
800 4207 812 4290 Η
836 4222 864 4269 ει
883 4235 936 4272 onr.
961 4209 994 4268 B'
1013 4209 1058 4296 Η6
1079 4214 1212 4293 eclypsis
1239 4221 1263 4274 B
1286 4208 1298 4292 Η

166 4293 178 4373 Η
196 4294 349 4355 molosiam
368 4291 402 4352 ΑΙ
421 4294 545 4355 urolosia
558 4293 594 4354 [1²
610 4298 758 4357 milesium
771 4296 811 4356 B²
829 4294 843 4378 Η
864 4305 879 4360 7
896 4320 955 4378 quo
971 4304 1110 4358 ,bonolus
1126 4299 1139 4376 Η
1153 4308 1171 4361 8
1188 4302 1301 4380 sydera

164 4384 191 4437 B
207 4377 220 4461 Η
236 4381 390 4460 completis
410 4385 435 4438 A
