2964 5002
170 329 230 394 186
368 346 605 391 svsrnsunusa
628 347 718 389 nruar
739 347 781 388 aa
804 345 892 388 suno
916 344 1121 388 sousuoavrr

168 499 372 552 commentariis
385 499 518 549 fastorum
531 498 614 559 dicit,
628 497 700 564 apud
713 496 831 548 maiores
844 512 951 562 quoque
964 501 1073 547 nostros
1081 496 1154 547 lraec
1164 495 1317 562 appellatio

168 570 269 620 mensis
283 569 329 617 diu
341 568 482 627 manserit,
497 567 545 616 sed
557 571 620 632 post
632 566 740 616 detritis
761 565 922 630 quibusdam
935 564 1036 615 litteris
1049 582 1082 615 ex
1094 566 1211 615 Iunonia
1224 566 1317 614 lunius

168 638 256 687 dictas
269 637 313 684 sit.
338 651 402 684 nam
420 640 449 684 et
465 634 549 685 aedes
565 635 662 684 lunoni
680 635 809 684 Monetae
828 633 944 683 Kalend.
958 633 1045 682 Iuniis
1057 633 1188 682 dedicata
1201 638 1252 682 est.
1275 631 1315 682 3Ι.

167 703 290 755 norrnulli
304 706 470 768 putauerunt
480 703 588 752 lunium
600 718 721 752 mensem
739 717 756 752 a
768 701 846 750 lunio
858 701 942 750 Bruto
961 701 1007 764 qui
1019 701 1122 764 primus
1135 701 1240 751 Romae
1253 716 1317 750 con·

167 772 208 822 sul
222 773 313 821 sactus
327 775 369 819 est
380 771 557 829 nominatum,
572 770 642 834 quod
654 770 706 819 hoc
719 784 811 819 meuse
824 768 852 817 id
865 774 908 818 est
919 768 1053 818 Kalendis
1065 768 1150 817 Iuniis
1163 767 1243 833 pulso
1250 768 1317 817 Tar·

168 841 260 905 quinio
279 854 386 888 sacrum
406 837 515 888 Garnae
534 837 604 887 deae
622 839 651 886 in
669 836 765 887 Caelio
783 841 876 886 monte
893 837 951 885 uoti
968 850 1031 885 reus
1049 836 1158 886 iecerit.
1189 836 1232 886 32.
1246 835 1318 886 hauc

168 908 248 959 deam
260 905 392 956 uitalibus
401 905 526 955 humanis
536 920 667 970 praeesse
681 905 802 954 credunt.
818 903 853 952 ab
867 919 901 953 ea
910 903 1028 967 deniqne
1041 905 1144 968 petitur
1155 909 1186 953 ut
1195 903 1320 953 iecinora

169 981 197 1025 et
210 975 294 1025 corda
312 989 436 1038 quaeque
455 978 518 1023 sunt
535 973 700 1023 intrinsecus
716 972 826 1022 uiscera
838 971 919 1021 salua
932 976 1090 1021 conseruetr
1109 977 1137 1020 et
1151 971 1216 1035 qaia
1228 971 1319 1021 cordis

167 1042 312 1103 beneficio,
326 1041 401 1090 cruris
413 1040 631 1091 dissimulatione
641 1040 735 1089 brutus
745 1038 910 1098 habebatur,
922 1039 1037 1088 idoneus
1051 1039 1239 1089 emendationi
1251 1038 1318 1103 pub·

167 1111 215 1161 lici
228 1116 317 1159 status
329 1109 428 1168 extitit,
441 1109 514 1158 hauc
527 1109 606 1158 dearn
619 1124 689 1172 quae
701 1106 832 1157 uitalibus
844 1112 958 1171 praeest
967 1106 1208 1171 templosacrauit.
1221 1104 1265 1157 33.
1274 1107 1319 1156 eui

168 1177 243 1244 pulte
257 1176 370 1236 labar-ia
383 1182 412 1226 et
422 1176 511 1227 larido
523 1175 709 1235 sacrificatur,
728 1175 798 1239 quod
811 1173 853 1223 bis
866 1175 983 1224 maxime
1001 1174 1084 1225 rebus
1100 1174 1175 1224 uires
1195 1174 1318 1239 corporis

168 1246 338 1296 roborentur.
364 1260 427 1294 uam
449 1249 478 1295 ot
488 1243 633 1294 Kalendae
651 1243 747 1293 luniae
770 1241 899 1293 sabariae
915 1241 999 1307 uulgo
1018 1247 1170 1303 uocantur,
1188 1242 1318 1306 quiahoc

168 1328 262 1364 mense
276 1312 388 1361 adultae
401 1312 486 1362 iabae
499 1311 600 1361 diuinis
612 1311 694 1361 rebus
708 1309 879 1359 adhibentur.
904 1307 946 1360 34.
964 1310 1088 1373 seqnitur
1098 1309 1185 1359 Iulius
1197 1309 1244 1374 qui
1256 1324 1319 1359 curu

169 1380 318 1432 secumdum
331 1378 438 1429 Romuli
456 1378 655 1429 ordinationem
672 1378 772 1428 Martio
794 1377 861 1426 anni
877 1380 990 1426 terrente
1008 1377 1174 1444 principiam
1187 1376 1319 1439 Quintilis

169 1465 186 1499 a
198 1464 310 1498 munero
322 1451 476 1505 uocaretur,
489 1446 665 1496 nihilominus
678 1451 770 1496 tamen
782 1444 867 1494 etiarn
879 1449 941 1509 post
952 1445 1127 1510 praepositos
1142 1461 1161 1495 a
1171 1444 1264 1495 Numa
1272 1445 1316 1494 la-

164 1516 293 1566 'nuarium
312 1531 346 1565 ac
359 1514 539 1565 Februarium
557 1514 670 1563 retinuit
687 1527 801 1573 nomon,
825 1527 886 1561 cum
903 1526 957 1561 uon
974 1513 1116 1564 uideretur
1131 1513 1189 1561 iarn
1207 1513 1319 1577 quintus

170 1600 230 1634 esse
243 1583 292 1633 sed
304 1582 449 1647 septimus:
468 1582 517 1631 sed
534 1586 633 1648 postea
649 1582 677 1629 in
695 1580 827 1630 honorem
839 1579 902 1628 Iulii
915 1579 1045 1630 Caesaris
1062 1579 1208 1630 dictatoris
1227 1579 1318 1644 legem

169 1653 277 1702 serente
290 1651 326 1699 M.
340 1650 456 1699 Antonia
469 1650 505 1699 Μ.
520 1648 576 1698 filio
595 1648 707 1698 cousule-
719 1647 804 1697 lulius
822 1646 977 1712 appellatus
991 1652 1047 1710 est,
1070 1647 1141 1712 quod
1157 1647 1211 1697 hoc
1224 1663 1318 1697 mense

169 1735 195 1769 a.
208 1719 233 1767 d.
249 1722 372 1781 quartam
386 1717 449 1766 ldue
461 1715 599 1778 Quintiles
609 1714 694 1765 Iulius
707 1720 868 1782 procreatus
885 1715 929 1764 sit.
954 1715 996 1765 35
1010 1717 1148 1780 Aragustus
1162 1714 1265 1765 deinde
1277 1721 1318 1766 ast

169 1786 214 1850 qui
227 1783 340 1834 Sextilis
353 1790 437 1834 autea
448 1784 602 1833 uocabatur
614 1784 702 1833 ‹lonec
715 1783 811 1833 honori
824 1782 1065 1848 Angustissimum
1078 1799 1111 1833 ex
1124 1788 1241 1832 senatus
1254 1798 1317 1833 con-

168 1851 238 1903 sulto
253 1853 328 1901 cinus
341 1851 428 1901 verlra
445 1851 566 1901 subieci:
584 1851 651 1901 Cum
669 1851 821 1916 lnrperatcr
836 1850 943 1900 Caesar
953 1851 1091 1915 Augustus
1109 1865 1204 1900 mense
1220 1849 1318 1900 Sextili

169 1927 197 1971 st
208 1919 322 1985 primum
335 1919 505 1968 consulatum
517 1919 612 1969 inierit
624 1924 652 1968 ct
664 1918 814 1982 triumphos
826 1919 922 1968 tresiu
935 1918 1030 1968 urbem
1041 1917 1169 1968 intulerit
1186 1921 1215 1967 et
1229 1935 1262 1968 ex
1274 1920 1316 1967 la·

167 1986 259 2038 niculo
271 1985 396 2052 legiones
408 1986 543 2036 deductae
557 1991 725 2051 secutusque
738 1986 794 2035 sint
806 1986 864 2037 eius
876 1986 1001 2050 auspicia
1014 2002 1048 2035 ac
1060 1985 1156 2041 fidem,
1169 1986 1219 2035 sed
1232 1986 1317 2037 etde·

167 2060 266 2120 gyptus
283 2054 336 2103 hoc
354 2068 448 2104 mense
466 2054 494 2102 in
513 2059 679 2119 potestatem
702 2053 794 2119 populi
812 2053 928 2104 Romani
946 2053 1061 2104 redacta
1078 2054 1115 2102 sit
1128 2053 1247 2117 finisque
1266 2054 1317 2103 hoc

167 2137 260 2173 mense
271 2120 352 2172 bellis
364 2121 490 2171 ciuilibus
501 2122 637 2187 inpositus
650 2122 687 2171 sit
699 2126 782 2186 atque
795 2121 830 2171 ab
842 2121 894 2172 has
906 2136 1007 2171 causas
1018 2121 1064 2171 hic
1076 2122 1180 2172 mensis
1191 2120 1257 2171 huic
1268 2121 1316 2170 im·

167 2191 244 2256 perio
256 2189 433 2240 felicissimus
445 2189 483 2239 sit
495 2205 528 2239 ao
541 2190 638 2251 fuerit,
652 2188 764 2254 placere
782 2189 892 2239 senatui
903 2195 935 2238 ut
945 2188 991 2239 hic
1003 2190 1105 2239 niensis
1116 2190 1257 2254 Augustus
1269 2204 1316 2253 ap·

166 2257 293 2325 pelletur.
322 2258 390 2307 item
406 2257 580 2324 plebiscitum
598 2258 702 2308 facturn
721 2257 755 2307 ob
775 2256 892 2307 eandem
904 2272 962 2307 rem
974 2256 1058 2307 Sexto
1070 2256 1195 2307 Pacubic
1208 2257 1317 2305 tribuno

167 2324 276 2390 plebem
289 2328 412 2391 rogante.
431 2323 473 2376 36.
486 2325 589 2375 mensis
601 2325 763 2390 September
779 2323 960 2390 principalem
978 2325 1020 2374 sui
1037 2325 1139 2375 retinet
1154 2322 1316 2388 appellatio·

167 2409 243 2444 uem:
257 2408 337 2458 quem
344 2391 503 2443 Germanici
516 2392 713 2458 appellatione,
726 2392 875 2443 Octobrem
886 2407 953 2443 uero
965 2406 1014 2442 suo
1027 2392 1317 2443 uomineDumitieuus

166 2462 317 2511 inuaserat.
330 2459 372 2511 37.
386 2461 435 2511 sed
446 2461 494 2511 ubi
511 2461 661 2511 infaustum
677 2459 842 2511 uocabulum
856 2461 975 2510 exomni
993 2476 1059 2511 aere
1071 2459 1116 2509 uel
1129 2474 1198 2510 saxo
1214 2460 1317 2524 placuit

168 2528 254 2590 eradi,
267 2543 377 2579 menses
389 2544 495 2593 quoquo
503 2529 681 2594 usurpatione
693 2528 856 2591 tyrannicae
867 2526 1061 2592 appellationis
1075 2528 1149 2577 exuti
1160 2533 1238 2578 sunt:
1252 2542 1315 2578 can-

167 2598 206 2646 tio
225 2602 322 2661 postea
335 2597 487 2661 principum
499 2604 652 2646 ceterorum
665 2596 716 2645 diri
728 2595 827 2646 ominis
843 2596 967 2645 inlausta
982 2596 1128 2645 nitentium
1144 2596 1285 2646 mensibus
1300 2610 1317 2644 a

167 2665 328 2730 Septembre
340 2680 425 2729 usque
439 2664 473 2713 ad
487 2664 668 2713 Decembrem
680 2664 772 2729 prisca
784 2663 895 2713 uomina
907 2665 1069 2713 reseruauit
1094 2662 1135 2713 38.
1149 2662 1223 2714 haec
1235 2663 1287 2713 init
1300 2678 1317 2712 a

167 2732 282 2782 Ronrulo
295 2748 387 2783 annua
402 2731 530 2781 ordinata
542 2732 690 2792 dimensio,
710 2731 755 2794 qui
774 2731 846 2781 sicut
857 2746 940 2795 supra
952 2731 1009 2780 iarn
1026 2732 1143 2781 (linimus
1156 2746 1258 2781 urinum
1270 2731 1315 2780 de-

168 2816 227 2850 cern
241 2801 373 2850 mensium
386 2800 490 2848 dierum
503 2814 568 2848 uero
582 2804 709 2863 quattuor
722 2805 750 2847 et
765 2803 949 2848 trecentorum
961 2799 1117 2849 habendum
1135 2815 1196 2849 esse
1215 2799 1316 2848 consti·

167 2869 219 2916 tuit
232 2882 393 2930 rurensesque
407 2868 446 2915 ita
459 2867 604 2931 disposuit,
622 2871 652 2915 ut
670 2872 798 2931 quattuor
810 2883 843 2916 ex
856 2867 898 2915 his
911 2867 1032 2917 tricenos
1045 2866 1175 2931 singulos,
1189 2882 1239 2915 sea
1251 2882 1316 2915 uero

168 2935 289 2984 tricenos
301 2935 437 2983 haberent
449 2935 517 2984 dies.
531 2933 629 2987 illlsed
641 2950 702 2984 cum
715 2935 738 2983 is
751 2950 880 2983 uumerus
891 2950 980 2999 neque
992 2935 1058 2985 solis
1070 2936 1161 2984 cursui
1174 2949 1265 2998 neque
1277 2933 1315 2983 lu·

167 3019 220 3052 nae
233 3002 385 3052 rationibus
399 3002 572 3063 conueniret,
585 3017 788 3066 nonnumquam
800 3018 851 3051 usu
862 3002 995 3052 uerriebat
1010 3006 1041 3052 nt
1053 3003 1140 3067 frigus
1154 3003 1220 3052 anni
1234 3001 1316 3051 aesti-

166 3072 208 3119 uis
226 3065 365 3120 mensibus
384 3076 411 3119 et
431 3076 527 3119 contra
540 3069 616 3119 calor
628 3069 792 3119 hiemalibus
805 3070 976 3134 proueniret:
1000 3071 1070 3134 quod
1083 3071 1129 3119 ubi
1143 3071 1315 3135 contigisset,

167 3144 273 3187 tantum
286 3138 389 3187 dierum
402 3139 461 3188 sine
475 3138 531 3187 ullo
544 3138 645 3187 mensis
657 3138 767 3187 nomine
781 3138 958 3203 patiebantur
976 3139 1082 3188 absumi
1096 3143 1227 3203 quantum
1242 3137 1316 3187 adid

167 3207 232 3254 anni
246 3212 353 3271 tempus
367 3205 516 3256 adduceret
529 3220 581 3270 qim
594 3205 666 3255 caeli
679 3205 790 3255 babitus
799 3206 915 3255 instanti
927 3208 1029 3255 mensis
1043 3212 1122 3271 aptus
1135 3206 1316 3256 irrrroniretur.

165 3273 240 3323 Xlll.
254 3274 309 3323 Sed
321 3278 432 3322 secutus
442 3273 543 3333 Numa,
558 3278 689 3337 quantum
701 3275 751 3323 sub
764 3273 843 3323 caelo
861 3274 921 3322 rudi
935 3279 963 3322 et
974 3274 1086 3324 sacerdo
1100 3273 1189 3323 adhue
1203 3272 1317 3339 inpolito

166 3340 224 3390 solo
236 3341 349 3404 iugenio
361 3342 493 3405 magistro
507 3341 731 3405 conprehendere
744 3342 846 3406 potuit,
864 3341 908 3391 uel
922 3341 986 3405 quia
999 3341 1168 3391 Graecorum
1186 3341 1316 3390 obserua-

166 3408 240 3458 tione
251 3409 345 3459 forsan
354 3409 560 3471 instructusest,
571 3409 835 3473 quinquagintadies
843 3408 955 3469 addidit,
966 3409 1316 3473 utiutrecentasquinqus-

166 3476 244 3540 ginta
254 3481 381 3540 quattuor
394 3476 461 3535 dics,
470 3477 566 3540 ‹pribus
577 3476 720 3526 dirodocim
731 3476 812 3526 lunae
824 3492 918 3526 causus
929 3476 1028 3526 confici
1039 3476 1164 3533 credidit,
1177 3493 1266 3526 annus
1274 3490 1317 3525 cx·

165 3543 332 3594 tenderetur.
346 3544 370 3592 2.
386 3549 467 3608 atque
479 3544 521 3593 his
533 3545 733 3608 qrrinquagiuta
745 3560 762 3594 a
773 3560 803 3594 se
815 3544 916 3594 additis
928 3544 1033 3594 adiecit
1044 3544 1112 3593 alius
1122 3560 1171 3592 sex
1182 3550 1317 3594 retractos

164 3611 219 3660 illis
230 3628 278 3662 ses
290 3613 429 3661 mensibus
441 3612 486 3675 qui
498 3613 612 3676 triginta
623 3612 766 3662 habebant
777 3612 850 3671 dies,
862 3612 890 3661 id
903 3619 945 3661 est
956 3612 990 3662 de
1003 3611 1120 3676 singulis
1131 3611 1264 3676 singulos,
1276 3613 1317 3662 sa·

166 3683 278 3743 ctosquo
291 3679 491 3743 ‹prinquagiutu
504 3685 531 3729 et
541 3695 590 3728 sex
602 3679 661 3728 dies
674 3680 702 3728 iu
714 3680 781 3729 duos
794 3695 880 3729 nouos
893 3696 1001 3729 meuses
1013 3681 1073 3745 pari
1087 3680 1194 3728 ustione
1208 3680 1316 3729 diuisit:

165 3747 190 3797 3.
198 3763 231 3796 ac
241 3747 275 3796 de
286 3746 390 3796 duobus
402 3747 519 3810 priorem
532 3747 689 3797 Ianuarium
702 3748 872 3811 nuncupauit
884 3748 1052 3812 primumque
1066 3747 1131 3796 anni
1145 3761 1207 3796 esse
1220 3747 1316 3801 uoluit.

165 3821 304 3878 tamquam
313 3813 435 3877 bicipitis
445 3815 489 3864 dci
500 3830 621 3864 mensem
632 3815 825 3879 respicientem
838 3831 869 3864 ac
881 3816 1093 3880 prospicientem
1104 3816 1241 3864 transacti
1251 3815 1317 3864 anui

165 3882 246 3932 finem
263 3881 401 3944 futurique
415 3882 559 3946 principia,
573 3882 722 3931 secundum
742 3882 847 3931 dicauit
859 3884 967 3932 Febrim
980 3883 1041 3943 deo,
1061 3882 1105 3945 qui
1124 3882 1317 3932 lustrationum

166 3954 264 4015 potens
277 3949 409 3998 creditur:
423 3948 532 3999 lustrari
547 3955 639 3999 autem
657 3966 690 3999 eo
703 3965 797 3999 mense
811 3951 951 3999 ciuitatem
966 3965 1081 4000 necesse
1096 3956 1170 4004 erat,
1190 3965 1243 4013 quo
1261 3956 1317 4000 sta·

166 4018 217 4067 tuit
228 4023 259 4066 ut
269 4017 344 4066 iusta
356 4016 397 4065 dis
409 4017 538 4066 Manibus
551 4017 730 4066 soluerentur.
753 4018 777 4066 l.
790 4018 895 4067 Numae
909 4018 1110 4067 ordinationem
1128 4017 1238 4066 finitimi
1256 4034 1317 4068 mox

165 4084 253 4137 secuti
265 4085 378 4135 totidem
389 4083 485 4134 diebus
496 4085 663 4148 totidemque
677 4085 816 4136 mensibus
826 4090 856 4133 ut
866 4085 1001 4150 Pompilio
1012 4085 1116 4150 placuit
1128 4100 1228 4134 annum
1241 4101 1318 4136 sunm

166 4159 316 4218 conputare
330 4156 493 4216 coeperrmt:
511 4153 561 4202 sed
578 4153 630 4201 hoc
649 4151 707 4202 solo
720 4153 930 4217 discrepabant,
950 4153 1020 4217 qnod
1034 4168 1143 4201 menses
1160 4153 1325 4204 undetrice·'

165 4237 227 4271 num
241 4221 428 4282 tricenumque
441 4235 554 4269 nuumru
572 4220 789 4270 alteruaueruut
809 4221 833 4269 5.
853 4220 935 4285 pardo
953 4227 1015 4286 post
1032 4221 1121 4269 Numa
1139 4220 1167 4268 in
1185 4220 1318 4271 bonorem

166 4288 269 4353 inparis
282 4287 396 4347 numeri,
408 4292 544 4338 secretum
556 4287 608 4336 hoc
622 4293 650 4337 ct
663 4294 727 4337 ante
734 4288 920 4352 Pythagoram
931 4289 1101 4361 parturiente
1112 4292 1222 4345 natura,
1235 4304 1317 4338 rrurrm

166 4356 353 4425 adiecittdiem
363 4370 442 4419 quem
454 4355 584 4406 ianuario
596 4355 673 4405 dedit
683 4360 714 4404 ut
725 4360 782 4405 tam
794 4356 823 4406 in
833 4369 904 4406 armo
918 4371 998 4422 quam
1008 4355 1036 4404 iu
1049 4355 1190 4405 mensibus
1201 4356 1318 4421 singulis
