2964 5002
188 358 247 424 176
497 431 505 444 ,
682 379 813 424 rssrva

165 527 259 605 ,Kal
280 527 488 610 Decembris,
518 493 633 592 diebus
655 529 728 595 XC.
758 529 833 594 inde
860 530 941 593 liunt
960 531 1039 594 anni
1060 532 1218 596 cementis
1248 531 1318 596 dies

76 711 175 785 ¹23*
268 704 450 796 sohsrll'ls
479 731 543 795 duo
570 740 661 795 sunt:
704 734 842 819 primum
869 748 1028 816 nffiusntt
1053 733 1137 797 VIII
1169 733 1242 797 Kal.
1267 735 1317 798 Ia-

183 835 330 914 nuarias,
362 855 424 920 quo
453 831 503 896 sol
527 842 591 896 stat
615 845 646 897 et
673 844 825 898 crescunt
853 835 937 900 dies:
979 835 1116 898 alterum
1141 851 1318 900 susrlvvls

184 934 266 999 VIII
283 934 364 1000 Kal.
394 934 509 1016 Iulias,
533 956 595 1021 quo
618 935 665 999 sol
687 947 750 998 stat
772 946 804 998 et
831 946 981 1001 crescunt
1002 947 1123 1001 noctes.
1167 936 1220 1002 bis
1243 959 1339 1003 cont

183 1038 284 1101 traria
312 1037 375 1101 duo
402 1052 638 1112 anvmocffl
669 1048 760 1100 sunt:
810 1060 910 1102 unum
944 1055 1106 1103 veniesne
1132 1037 1214 1101 VIII
1241 1038 1317 1103 Kal.

75 1174 79 1181 ·
183 1138 323 1225 Aprilis,
346 1159 408 1224 quo
430 1137 499 1201 dies
522 1147 685 1202 crescunt:
718 1139 854 1202 alterum
876 1156 1114 1203 aurvnrusnn
1137 1139 1222 1202 VIII
1243 1139 1316 1203 Kal.

183 1239 351 1320 Octobris,
374 1261 437 1323 quo
453 1239 522 1304 dies
543 1241 740 1305 minuuntur.
777 1241 951 1305 solstitium
968 1250 1075 1304 autem
1091 1242 1210 1307 dicitur
1224 1244 1317 1326 quasi

154 1510 159 1529 .
185 1481 353 1546 alterumque
373 1481 575 1543 aequinoctium
592 1481 693 1541 librae,
718 1481 765 1544 qui
783 1485 811 1530 et
828 1481 881 1546 ipsi
898 1481 957 1531 dies
975 1496 1036 1531 raro
1054 1497 1107 1532 non
1125 1480 1234 1546 aliquos
1251 1487 1317 1532 tem·

183 1555 320 1616 pestatum
337 1548 508 1615 significatus
525 1549 635 1599 habent.
672 1563 763 1598 rursus
780 1548 810 1597 hi
825 1548 950 1599 cardines
968 1549 1085 1614 singulis
1107 1551 1257 1598 etiamnum
1276 1565 1317 1600 ar·

182 1617 275 1668 ticulis
293 1624 442 1682 temporum
451 1616 629 1679 diuiduntur,
652 1632 702 1681 per
724 1617 815 1666 media
833 1632 925 1666 omnes
943 1616 1048 1666 dierum
1065 1618 1170 1682 spatia,
1191 1617 1317 1682 quoniam
1381 1664 1386 1673 ,

184 1688 255 1736 inter
278 1685 421 1736 solstitium
446 1689 473 1733 et
496 1684 696 1748 aequinoctium
719 1686 840 1733 autumni
863 1684 990 1734 fidiculae
1020 1700 1136 1734 occasus
1160 1690 1317 1735 autumnum

184 1754 295 1804 inchoat
312 1751 356 1802 die
375 1751 475 1812 XLVI,
495 1756 526 1801 at
548 1753 582 1801 ab
601 1751 775 1817 aequinoctio
793 1768 825 1802 eo
844 1753 879 1802 ad
896 1752 1018 1802 brumam
1036 1752 1214 1817 uergiliarum
1233 1758 1318 1802 matu·

184 1823 257 1871 tinus
278 1835 393 1871 occasus
410 1819 527 1884 hiemem
551 1820 594 1869 dic
612 1819 733 1882 XLIIH,
758 1821 830 1869 inter
852 1820 975 1870 brumam
998 1826 1025 1869 et
1048 1821 1251 1886 aequinoctium
1274 1821 1316 1870 die

184 1889 256 1939 XLV
275 1889 354 1937 flatus
374 1887 466 1937 fanoni
483 1902 595 1936 uernum
608 1893 722 1954 tempus,
743 1888 778 1937 ab
797 1889 970 1952 aequinoctio
987 1903 1070 1937 uerno
1083 1889 1188 1938 initium
1202 1889 1317 1938 aestatis

183 1958 227 2006 die
246 1956 362 2005 XLVIII
378 1954 555 2020 uergiliarum
573 1961 666 2005 exortu
685 1954 837 2005 matutino.’
860 1954 923 2006 237:
943 1956 975 2005 ‘A
993 1956 1104 2005 laconio
1122 1957 1150 2004 in
1170 1957 1316 2020 aequinoc-

183 2026 250 2074 tium
272 2038 385 2072 uornum
402 2022 516 2073 Caesari
538 2022 691 2088 signidem,
716 2022 798 2072 XIIII
821 2023 960 2074 Kalendas
984 2024 1065 2073 Mart.
1089 2023 1207 2073 triduum
1231 2024 1316 2079 uarie.

184 2098 212 2141 et
229 2090 369 2142 Kalendas
386 2090 539 2140 hirundinis
561 2091 623 2141 uisu
646 2097 674 2141 et
695 2095 803 2155 postero
826 2091 871 2144 die
893 2092 996 2141 arcturi
1020 2097 1115 2142 exortu
1137 2089 1315 2156 uespertIno.'

183 2158 246 2212 239:
267 2159 387 2208 ‘interim
406 2158 440 2209 ab
459 2173 491 2208 eo
503 2157 547 2208 die
567 2160 690 2225 quisquis
703 2157 750 2208 ille
764 2159 854 2220 luerit,
873 2174 925 2224 quo
943 2160 1008 2209 flare
1028 2159 1165 2223 (favonius)
1184 2160 1315 2224 coeperit,
1367 2206 1373 2215 ,

183 2243 237 2278 non
248 2227 341 2291 utique
355 2226 406 2275 VII
424 2225 484 2276 idus
496 2226 577 2276 Febr.
601 2227 812 2288 acclamante,
827 2227 934 2291 qnando
946 2234 1121 2292 praeuernat
1139 2228 1198 2276 sine
1212 2233 1315 2293 postea,

184 2295 291 2361 quaudo
309 2294 413 2343 hiemat
429 2298 490 2360 post
507 2294 579 2345 diem
597 2293 713 2345 certum’
733 2310 757 2344 e.
777 2310 803 2359 q.
822 2310 844 2344 s.
879 2293 943 2344 246:
970 2295 1187 2360 ‘aequinoctium
1205 2309 1317 2344 uernum

185 2380 210 2414 a.
229 2363 254 2413 d.
274 2362 340 2412 VIII
358 2361 498 2412 Kalendas
515 2362 600 2428 April.
624 2363 719 2428 peragi
742 2360 867 2412 uidetur.’
903 2361 964 2412 248:
991 2363 1044 2412 ‘sic
1068 2364 1126 2412 fere
1149 2363 1179 2411 in
1202 2362 1240 2411 Vl
1258 2363 1317 2412 idus

185 2430 304 2495 (Maias),
324 2431 370 2496 qui
388 2436 430 2480 est
447 2429 624 2495 uergiIiarum
642 2436 758 2491 exortus,
777 2431 923 2480 decurrunt
934 2429 1046 2480 sidera.'
1081 2430 1143 2480 ⁶255:
1163 2430 1202 2480 XI
1216 2430 1316 2479 Kalen·
1336 2462 1341 2472 ·

185 2501 235 2550 das
253 2497 363 2562 (Iunias)
382 2497 496 2548 Caesari
514 2497 623 2548 Orionis
641 2498 749 2563 gladius
771 2498 897 2548 occidere
921 2496 1042 2563 incipit)
1079 2496 1141 2547 256:
1166 2498 1243 2547 ‘VIII
1262 2498 1316 2548 Ka·

185 2568 281 2618 landas
299 2564 386 2615 Iulias
403 2581 467 2615 uero
484 2565 658 2632 longissimus
682 2566 741 2615 dies
763 2566 847 2615 totius
871 2567 937 2615 anni
960 2571 987 2615 et
1011 2581 1064 2615 nox
1082 2567 1247 2615 breuissima
1264 2565 1315 2615 sol·

185 2636 288 2692 stitium
307 2631 470 2684 conficiunt!
506 2632 568 2682 ⁶271:
588 2634 638 2682 ‘III
656 2633 716 2683 idus
735 2634 826 2698 (Aug.)
846 2633 957 2682 fidicula
975 2649 1076 2684 occasu
1092 2649 1140 2683 suo
1160 2640 1316 2683 autumnum

185 2703 297 2753 inchoat
314 2702 353 2751 uti
371 2702 395 2751 is
413 2701 534 2764 (Caesar)
553 2701 673 2750 adnotat.
709 2701 757 2751 sed
775 2717 842 2750 uera
859 2702 929 2751 ratio
947 2701 975 2750 id
993 2700 1052 2751 fieri
1071 2703 1178 2751 inuenit
1196 2701 1234 2750 Vl
1258 2702 1317 2751 idus

186 2767 315 2821 easdem.’
346 2769 384 2818 cf.
402 2767 461 2818 289.
496 2766 557 2818 309:
578 2768 703 2818 ‘Kalend¹
723 2769 891 2834 Septembris
909 2769 1023 2818 Caesari
1042 2777 1070 2818 et
1087 2770 1219 2832 Assyriae
1238 2769 1317 2819 stella

186 2855 254 2904 quae
273 2837 436 2886 uindemitor
454 2835 608 2901 appellatur
626 2837 724 2886 exoriri
743 2852 822 2885 mano
840 2838 937 2901 incipit
959 2837 1114 2886 uindemiae
1132 2837 1317 2887 maturitatem

185 2902 362 2972 promittens)
398 2902 460 2954 311:
488 2905 637 2969 ‘ipsumque
658 2905 813 2969 aequinocti
834 2905 907 2954 sidus
925 2904 992 2954 VIII
1010 2904 1150 2954 Kalendas
1170 2904 1316 2955 Octobris.'

185 2974 247 3030 314:
267 2973 319 3021 ‘III
336 2971 396 3021 idus
409 2973 500 3034 (Nou.)
512 2973 645 3036 uergiliae
658 2971 804 3021 occidunt)
819 2999 848 3008 -
859 2972 1010 3022 Columella
1023 2973 1061 3022 XI
1074 2973 1097 3030 ’2,
1114 2973 1157 3021 lb:
1178 2974 1241 3022 ‘VII
1255 2974 1318 3023 ldus

184 3043 266 3092 Febr.
286 3039 390 3088 fauonii
408 3040 512 3104 spirare
531 3038 686 3105 incipiunt’
724 3039 769 3089 21:
795 3041 860 3089 ‘VII
879 3040 938 3089 Cal.
957 3041 1050 3089 Martii
1073 3040 1187 3089 hirundo
1212 3041 1317 3107 conspi-

173 3107 274 3170 citur)
310 3105 355 3156 36:
375 3107 574 3169 ‘DecimoCal
593 3109 683 3157 Maias
701 3108 840 3172 Vergiliae
859 3123 918 3157 cum
937 3109 994 3158 sole
1013 3106 1153 3157 oriuntur!
1190 3107 1237 3158 30:
1258 3109 1317 3159 ‘VII

186 3177 249 3226 Idus
267 3175 355 3225 Maias
374 3175 488 3225 aestatis
510 3174 637 3225 initium)
674 3175 720 3225 40:
748 3176 798 3225 ‘vl
822 3176 886 3225 Idus
904 3176 1043 3241 Vergiliae
1068 3183 1141 3225 totae
1163 3174 1316 3241 apparent.’

185 3246 230 3293 57:
251 3243 353 3294 ‘Pridie
366 3243 429 3293 Idus
441 3245 510 3308 Aug.
524 3242 600 3293 l'idis
613 3244 713 3293 occidit
725 3259 804 3293 mano
818 3250 846 3292 ct
864 3249 1008 3294 autumnus
1021 3243 1135 3308 incipit'
1173 3245 1220 3293 58:
1241 3245 1317 3294 ‘XIII

186 3312 245 3363 Cal.
271 3312 345 3376 Sept.
461 3311 522 3360 lidia
541 3312 649 3361 occidit.
678 3312 783 3361 declino
806 3311 869 3360 Kal.
893 3313 1029 3376 Septemb.
1054 3328 1087 3360 ex
1109 3311 1205 3360 codem
1230 3313 1318 3362 sidere

166 3385 168 3389 ’
185 3386 334 3444 tempestas
353 3378 507 3444 plerumque
526 3381 612 3429 oritur
629 3386 658 3429 et
675 3378 786 3444 pluuia)
821 3379 867 3428 84:
887 3381 974 3429 ‘sexto
992 3381 1055 3429 Idus
1074 3380 1235 3429 Nouembris
1255 3381 1318 3430 Ver·

186 3447 270 3511 gillae
294 3463 373 3497 mane
395 3448 524 3497 occidunt
635 3449 728 3512 quinto
748 3447 859 3511 (quarto
884 3449 1045 3509 Pontedera)
1069 3448 1133 3497 Idus
1157 3448 1319 3497 Nouembris

185 3515 281 3565 hiemis
299 3513 424 3564 initium)
602 3534 604 3538 ⁴

273 3580 342 3635 123*
359 3583 479 3632 Isidorus
497 3583 530 3632 dc
548 3588 648 3633 natura
665 3600 754 3633 rerum
772 3583 851 3633 VIII:
872 3584 927 3633 ‘De
946 3584 1064 3633 solstitio
1083 3591 1111 3632 et
1134 3584 1318 3648 aequinoctio.

187 3651 351 3700 Solstitia
363 3651 426 3700 duo
439 3649 526 3699 sunt¹
540 3668 563 3700 e.
577 3667 602 3715 q.
616 3667 637 3699 s.
652 3678 683 3686 —
697 3651 806 3701 Servius
819 3657 911 3717 geo'rg.
926 3653 939 3701 I
953 3650 1001 3701 loo
1018 3651 1099 3713 (unde
1118 3651 1214 3700 eadem
1233 3651 1319 3702 Isido-

187 3734 231 3768 rus
255 3721 341 3784 origg.
365 3719 388 3765 V
406 3717 462 3779 ab:
500 3720 574 3768 ‘Duo
597 3726 660 3768 sunt
682 3721 814 3769 solstitia:
846 3734 927 3768 unum
955 3720 1087 3768 aestiuum
1110 3719 1177 3768 VIII
1201 3718 1318 3770 Kalend.

187 3788 251 3836 Iulii
270 3788 322 3845 die,
344 3801 395 3850 quo
413 3793 533 3851 tempore
547 3802 668 3836 remeare
681 3787 721 3837 sol
735 3787 769 3836 ad
781 3788 925 3837 inferiores
938 3788 1034 3851 incipit
1052 3786 1183 3846 circulos3
1203 3794 1232 3836 ot
1245 3787 1319 3837 aliud

187 3855 304 3904 hiemale
323 3854 388 3903 VIII
408 3853 592 3903 Kalendarum
610 3855 735 3904 Ianuarii
754 3855 806 3915 die,
826 3870 878 3919 quo
895 3862 1016 3920 tempore
1030 3855 1069 3904 sol
1089 3856 1203 3904 altiores
1222 3856 1321 3920 incipit
1367 3896 1372 3903 .

188 3922 303 3972 circulos
321 3929 422 3986 petere.
459 3922 529 3970 unde
547 3921 672 3971 hiemalis
690 3924 802 3973 solstitii
820 3924 877 3971 dies
896 3924 1034 3983 minimus,
1054 3923 1246 3972 sioutaestiui
1264 3929 1320 3972 ma·
1334 3926 1358 3961 ’ἒ

187 3992 274 4040 ximus
293 3990 431 4039 inuenitur
451 4025 515 4039 .....
535 3991 587 4040 duo
606 3991 781 4055 aequinoctia
794 4006 875 4040 uuum
894 3992 1004 4041 uernalc
1019 3997 1046 4041 et
1059 3990 1133 4041 aliud
1145 3990 1320 4041 auctumnala

186 4094 385 4103 -.--.--—--

274 4159 282 4208 1
306 4144 323 4198 d
340 4152 362 4203 Α
378 4141 391 4227 11
405 4143 480 4202 XCI
498 4143 548 4223 Α11
564 4145 643 4204 unde
660 4142 715 4227 Β11
730 4147 823 4204 efiunt.
840 4150 864 4202 Α
888 4147 993 4204 finiunt
1015 4150 1042 4203 B
1056 4142 1068 4228 11
1084 4157 1101 4210 3
1115 4145 1270 4206 colesticia
1283 4145 1317 4207 Α1

187 4234 329 4292 solistitia
341 4226 406 4289 BA²
420 4226 434 4312 11
448 4228 607 4290 hiemalem
626 4227 809 4289 Allbernalc
827 4236 852 4288 B
866 4227 879 4312 11
895 4230 943 4289 ian
964 4236 987 4288 Α
1002 4232 1205 4291 ianuariarum
1221 4230 1261 4291 13²
1275 4232 1320 4311 114

187 4320 267 4399 quod
286 4314 323 4375 B¹
346 4315 358 4396 11
379 4317 457 4378 ciel.
475 4316 494 4374 k
512 4311 567 4396 [111
586 4316 667 4396 quod
687 4311 723 4372 B¹
746 4313 759 4397 11
780 4327 796 4378 6
821 4317 1013 4376 uernalcmd
1034 4313 1048 4399 11
1068 4325 1083 4379 7
1103 4338 1141 4376 ex
1165 4338 1224 4396 quo
1238 4322 1291 4376 AB
1305 4318 1317 4399 11

187 4405 359 4462 autumnale
378 4405 405 4460 B
419 4398 432 4486 11
447 4413 465 4466 8
479 4403 610 4460 octubris
631 4397 670 4459 B¹
686 4396 700 4482 11
715 4402 897 4461 colesticiam
917 4399 954 4460 Α1
978 4403 1151 4463 solistitium
1163 4400 1229 4463 ΒᾹ2
