2964 5002
164 352 225 416 528
580 374 614 415 nr
630 372 728 413 varan
742 372 892 415 raannrn

166 525 251 584 dum:
275 527 425 582 audoleo
448 522 499 582 vel
522 541 685 584 auooauo.
731 525 766 583 In
785 545 845 604 quo
868 532 920 582 aut
941 522 1033 583 fallor
1051 532 1104 582 aut
1125 524 1203 583 nihil
1222 523 1300 585 aliud

164 628 226 685 nisi
239 644 390 686 auanouo
409 624 543 685 delituit:

324 730 413 785 Vnum
430 731 481 785 boc
498 746 627 786 marmor
646 732 794 786 aureolo
815 731 861 784 tibi
873 731 951 785 desae
967 729 1086 789 Terenti.
1165 753 1167 758 ·

166 833 310 888 aureolum
328 831 407 889 enim
429 841 455 888 et
469 833 509 887 od
523 833 633 889 uerbum
651 834 825 888 ediscendum
841 833 957 887 libellum
978 828 1136 888 Crantoris
1160 830 1185 889 si
1208 830 1306 911 potuit

166 928 275 990 Cicero
291 931 393 996 dicere
408 930 508 991 Acad.
525 944 561 1005 Η,
576 941 618 1005 44,
637 943 697 1007 135,
712 934 784 991 item
801 935 942 991 orercolom
956 936 1160 990 oratiunculam
1178 931 1211 994 O.
1228 931 1306 991 Lae·

166 1033 199 1092 lii
216 1033 254 1098 de
273 1043 334 1093 nat.
352 1035 433 1093 deor.
450 1047 507 1105 111,
524 1042 564 1109 17,
580 1043 631 1107 4³,
647 1034 753 1115 quidni
769 1039 910 1093 oraculum
929 1044 1052 1112 poetam
1074 1054 1167 1116 quem
1184 1035 1216 1093 in
1233 1033 1306 1094 deli·

166 1136 220 1195 ciis
238 1136 367 1195 liaberet
386 1135 524 1196 Caesar?
804 1122 809 1140 '

252 1240 288 1299 In
304 1240 413 1298 eodem
428 1260 519 1298 versu
534 1240 633 1299 levius
650 1238 793 1322 estquod
811 1239 942 1299 Poriaiui
961 1240 1137 1298 memoriam
1159 1238 1227 1297 derb
1246 1259 1305 1299 non

166 1341 206 1401 ad
227 1346 320 1400 deesse
345 1342 461 1421 potius,
484 1341 567 1423 quod
590 1328 875 1421 ceteriprodidere‚
891 1361 982 1421 quarn
1005 1341 1044 1400 ad
1069 1341 1305 1401 reconditiorem

166 1448 244 1503 desae
266 1445 393 1503 formam
414 1453 554 1523 spectare
576 1444 697 1523 putavi,
719 1465 810 1526 quam
831 1443 1043 1502 Lachmannus
1065 1446 1169 1522 tetigit
1192 1446 1224 1504 in
1244 1445 1306 1504 Lu·

167 1554 239 1604 oret.
265 1565 294 1623 p.
311 1555 346 1607 20
367 1556 398 1605 ot
415 1556 472 1609 134.
511 1546 600 1606 Vnde
617 1547 771 1627 profectus
786 1549 845 1604 dest
866 1547 1046 1625 scripturam
1061 1545 1092 1605 in
1108 1547 1307 1607 Bruxellonci
1330 1530 1333 1536 ⁵

167 1648 272 1707 codice
293 1656 444 1707 servatam
466 1648 546 1726 apud
563 1648 713 1709 Senecam
730 1648 957 1721 Controv.V11,
980 1659 1012 1712 18
1027 1671 1058 1729 p.
1081 1658 1151 1723 206,
1168 1660 1202 1712 14
1222 1659 1306 1710 recto

166 1770 262 1829 nuper
276 1751 444 1809 Bursianus
459 1751 495 1809 P.
514 1752 584 1832 Syri
599 1753 700 1810 versui
718 1759 770 1814 486
782 1750 871 1810 Ribb.
889 1751 1036 1810 reddidit:
1058 1755 1125 1809 Tum
1140 1753 1203 1810 uest
1216 1772 1307 1811 auaro

165 1856 239 1929 quaid
252 1856 333 1911 baillet
349 1873 431 1927 quom
447 1858 522 1930 quod
539 1857 594 1913 adn
615 1855 704 1911 babet.
740 1852 833 1933 Apud
852 1853 1019 1931 Vergilium
1036 1855 1195 1932 pristinam
1211 1856 1305 1933 aerip-

166 1964 263 2013 turam
283 1955 503 2015 vetustissimos
531 1955 653 2015 codices
682 1964 755 2034 puto
782 1954 894 2034 ubique
917 1975 1055 2015 servare:
1084 1956 1240 2036 proditum
1261 1965 1306 2016 est

166 2075 297 2116 nnauur
315 2056 424 2136 Georg.
441 2068 479 2130 11,
492 2068 554 2120 200.
570 2067 632 2131 233,
648 2077 748 2117 onam
765 2076 781 2117 e
796 2058 944 2118 Vaticano
963 2058 1042 2120 Aen.
1059 2070 1125 2139 vll,
1147 2068 1215 2122 262:
1237 2080 1305 2139 pro·

166 2157 260 2217 ditum
282 2160 316 2218 iri
338 2181 356 2218 a
370 2158 541 2219 Ribbeckio
556 2179 640 2220 oasa
657 2181 674 2220 e
688 2159 831 2243 Palatino
848 2160 984 2239 auspicor
998 2172 1035 2234 x,
1051 2168 1112 2225 378.
1153 2160 1305 2226 Constan-

165 2269 212 2319 tcr
226 2261 307 2340 apud
323 2263 483 2322 Horatium
500 2280 584 2323 nnsr
599 2263 698 2341 Epist.
714 2274 742 2336 Ι,
760 2273 805 2336 12,
822 2273 856 2325 24
872 2261 1052 2322 Blandiuiuo
1068 2264 1305 2344 antiquissimae,

165 2367 233 2422 dero
249 2373 280 2423 et
294 2368 364 2423 derit
379 2364 538 2425 Gothauus
554 2365 650 2426 Serm.
668 2378 689 2437 1,
705 2376 731 2440 9,
749 2375 791 2429 56.
807 2377 844 2438 11,
862 2373 886 2438 1,
902 2372 944 2427 17.
964 2376 999 2439 Π,
1015 2374 1041 2439 l,
1055 2374 1098 2429 98.
1132 2366 1168 2425 ln
1187 2367 1304 2426 Teren·

165 2467 199 2524 tii
215 2467 336 2526 Phorm.
352 2477 404 2532 298
424 2467 492 2527 libri
507 2480 582 2527 saue
596 2488 700 2527 omnes
716 2472 846 2526 deerunt:
869 2469 901 2526 in
918 2466 1052 2546 Adelph.
1068 2476 1117 2530 881
1136 2476 1305 2528 correctum

167 2569 274 2628 aaltom
292 2589 391 2629 naara
407 2590 443 2628 or
461 2590 580 2629 onnam
602 2572 633 2628 iu
648 2570 795 2630 Bembino
811 2570 898 2630 libro.
933 2570 1017 2629 Nihil
1033 2569 1182 2629 eiusmodi
1200 2580 1303 2629 enota-

167 2679 228 2730 tum
245 2693 260 2729 e
280 2671 435 2730 codicibus
450 2670 569 2731 Manilii
585 2674 689 2745 miror,
706 2675 755 2754 qui
773 2672 883 2731 talibus
899 2672 1002 2731 formis
1019 2672 1140 2730 sexiens
1159 2689 1244 2736 usus,

250 2776 325 2851 Pag.
343 2773 433 2846 35,2
456 2776 485 2832 in
503 2777 676 2833 auctario
693 2777 838 2834 Donati
859 2785 941 2833 recto
961 2798 978 2833 a
994 2774 1198 2833 l'leclroiseno
1218 2796 1303 2855 repo·

167 2877 254 2935 situm
273 2879 396 2932 clicerius
412 2854 530 2951 nouum,
546 2887 688 2955 spectans
703 2877 734 2936 id
750 2877 787 2935 ad
805 2878 857 2955 Sp.
876 2879 1025 2936 Maecium
1043 2878 1187 2954 Tarpam,
1207 2877 1303 2934 firma-

165 2979 209 3035 vit
228 2979 340 3036 veteris
360 2979 490 3038 Parisini
508 2982 680 3038 auctoritas,
722 2982 770 3038 llo
794 3000 858 3036 nom
878 2979 1027 3057 particula
1047 2999 1125 3060 quae
1146 2978 1305 3057 praecedit

166 3080 335 3156 significavi
351 3080 389 3137 ad
404 3101 432 3158 p.
447 3089 496 3154 219,
516 3092 556 3143 ll.

250 3183 349 3242 Versu
365 3183 386 3240 4
405 3182 490 3240 nihili
507 3203 575 3240 esse
590 3183 640 3242 vel
663 3186 799 3257 l'ollepius
816 3203 924 3241 nomeu
942 3185 1006 3256 vol,
1031 3183 1111 3264 quod
1133 3184 1203 3243 libri
1220 3186 1303 3244 novi·

166 3282 203 3341 cii
222 3294 343 3363 praeter
360 3285 564 3362 Regincnscm
585 3285 744 3356 exhibent,
769 3288 895 3359 l'otapr'us
917 3285 1067 3345 nominoio
1087 3287 1174 3363 sugit.
1222 3288 1304 3362 Ergo

165 3387 249 3444 illinc
272 3390 382 3461 l'olpius
399 3389 539 3445 effectum
557 3397 619 3459 est,
636 3387 717 3467 quod
735 3386 805 3445 inde
825 3387 863 3444 ab
880 3390 1008 3446 Erasmo
1029 3388 1131 3446 haesit
1147 3389 1177 3445 in
1195 3388 1304 3447 editio·

165 3488 267 3547 nibus:
287 3489 454 3567 codemque
466 3500 584 3568 spectat
596 3489 677 3569 quod
693 3492 722 3548 iu
735 3499 842 3567 yctere
855 3490 994 3548 Parisino
1009 3494 1033 3548 le
1050 3491 1168 3549 littorea
1184 3490 1305 3549 induxit

165 3612 270 3650 manns
287 3594 438 3650 recentior
452 3592 500 3649 vol
519 3594 650 3651 fortasse
673 3592 894 3650 recentissima.
933 3598 960 3649 in
984 3598 1088 3650 actione
1109 3604 1228 3666 autom,
1250 3614 1303 3675 pro

165 3715 225 3772 quo
241 3690 348 3751 tintinna
369 3703 415 3751 ast
429 3696 458 3752 in
478 3693 633 3770 Vrbinati,
657 3700 764 3753 natione
780 3696 809 3751 in
826 3696 952 3766 cetaria,
974 3716 1040 3752 cum
1056 3694 1132 3751 nulli
1149 3697 1217 3753 risui
1237 3715 1303 3753 csse

61 3809 73 3834 0
164 3797 329 3867 videretur,
354 3799 464 3870 l'ulpius
481 3801 509 3853 in
526 3805 662 3854 Actaeone
679 3797 804 3853 Erasmo
820 3797 944 3874 placuit,
965 3797 1121 3873 scaligero
1145 3800 1259 3872 Vulpiua
1277 3802 1302 3854 ia

165 3904 303 3959 Auctione.
349 3901 389 3956 Et
410 3899 461 3956 ille
483 3897 604 3976 quidem
620 3918 689 3955 num
712 3898 749 3955 dc
765 3898 868 3976 aliqua
883 3898 1041 3974 tragoedia
1057 3899 1240 3975 cogitaverit
1255 3920 1300 3956 sa·

166 4003 204 4059 tia
221 4022 293 4059 saue
310 4001 500 4072 mirabiliter,
523 4000 685 4058 incertum:
716 3999 891 4058 comoediae
913 4000 963 4058 vel
989 4003 1118 4060 fortasse
1139 4001 1303 4060 Atellanae

166 4124 274 4161 nornen
291 4103 432 4160 Auctioni
455 4103 549 4160 fnisse
571 4101 763 4160 hauddubie
785 4102 863 4161 alter
880 4103 1070 4181 opinabatur.
1109 4102 1242 4179 Qualem
1258 4105 1302 4162 fa·

165 4205 266 4263 bolam
283 4216 316 4262 ut
337 4206 472 4282 potuisse
488 4204 586 4261 locum
605 4204 715 4263 talibus
732 4204 869 4263 versibus
885 4206 916 4262 iu
929 4205 1054 4283 prologo
1078 4204 1228 4281 praebere
1244 4207 1304 4264 lar—

165 4307 299 4381 giamur,
320 4317 349 4363 at
366 4306 497 4364 scaenici
514 4316 623 4383 poetae
640 4307 743 4383 Valgii
760 4309 788 4364 iu
808 4317 871 4365 tota
888 4308 1068 4386 antiquitate
1086 4327 1144 4365 nec
1162 4308 1304 4367 volanae

165 4410 335 4484 vestigium.
376 4409 471 4484 Igitur
491 4429 601 4466 novam
624 4409 703 4467 viam
720 4409 871 4467 llobertus
888 4409 1028 4484 Vngerua
1050 4410 1207 4484 ingressus
1224 4431 1304 4469 com-
