2964 5002
170 358 205 421 ll
544 375 587 420 nn
610 375 697 421 mars
722 376 935 423 moveramus

166 534 273 592 tarum
302 547 386 612 qnae
417 535 641 612 praetextatae
671 527 839 603 dicuntur,
877 529 911 589 in
940 526 1059 612 quibns
1081 527 1315 612 imperatorum

166 632 298 712 negotia
320 628 504 712 agebantur
528 637 560 692 et
582 629 715 714 publica
736 638 768 691 et
790 615 1050 714 reges'llomani
1067 627 1122 693 uel
1145 628 1246 691 duces
1267 631 1315 692 in·

166 728 344 809 ducuntur,
367 748 579 814 personarum
602 730 762 814 dignitate
783 738 817 793 et
830 738 1095 814 argumentorum
1115 729 1315 793 sublimitate

165 830 343 913 tragoediis
370 830 505 894 similes.
548 839 772 917 praetextatae
796 840 905 895 antem
936 831 1106 911 dicuntur,
1138 831 1217 915 quia
1245 830 1314 894 fere

164 954 278 1015 regum
300 932 353 994 uel
377 933 629 1015 magistratuum
651 933 706 1018 qni
730 941 901 1018 praetexta
918 941 1054 996 utuntur
1075 933 1110 994 in
1131 931 1203 993 eius
1226 931 1335 994 modi⁵

137 1075 144 1088 .
164 1031 287 1095 fabulis
300 1042 373 1095 acta
385 1032 704 1119 conprehendantur.
719 1024 872 1098 'secunda
893 1033 1017 1119 species
1035 1032 1113 1117 (est)
1129 1040 1314 1115 togatarum

166 1155 249 1218 qnae
271 1133 477 1197 tabernariae
502 1133 655 1215 dicuntur
677 1145 709 1197 et
725 1135 909 1198 humilitate
928 1142 1140 1221 personarum
1164 1141 1197 1195 et
1218 1150 1315 1218 argn-

167 1244 350 1298 mentorum
372 1234 587 1299 similitudine
615 1235 791 1305 comoediis
814 1232 925 1322 pares,
956 1237 988 1298 in
1016 1233 1135 1321 quibus
1158 1256 1224 1298 non
1247 1255 1314 1297 ma·

165 1337 321 1420 gistratus
350 1357 487 1419 regesne
515 1337 572 1400 sed
606 1337 744 1422 humiles
774 1335 922 1400 homines
959 1346 991 1400 et
1021 1336 1170 1421 priuatae
1198 1335 1315 1398 domus

165 1437 379 1519 inducuntur,
402 1458 487 1522 quae
510 1438 641 1524 quidem
659 1437 735 1502 olim
757 1425 844 1524 quod
863 1437 984 1501 tabulis
1003 1445 1208 1521 tegerentur,
1229 1453 1348 1499 com-a

166 1540 309 1601 mnniter
331 1537 487 1618 tabernae
508 1534 720 1602 uocabantur.
768 1541 866 1602 tertia
894 1539 1019 1626 species
1049 1548 1099 1601 est
1127 1536 1314 1600 fabularum

165 1639 374 1718 Latinarum,
397 1661 482 1724 quae
502 1660 522 1701 a
544 1641 677 1704 ciuitate
699 1638 858 1704 Oscorum
879 1638 1005 1722 Atella,
1030 1641 1064 1703 in
1087 1661 1152 1726 qua
1172 1638 1314 1724 primum
1371 1724 1374 1729 Ι

167 1752 318 1826 coeptae,
342 1740 526 1826 appellatae
548 1750 624 1804 snat
644 1739 834 1823 Atellanae,
858 1741 1059 1826 argumentis
1080 1741 1245 1825 dictisque
1269 1743 1313 1803 io·
1355 1732 1373 1825 J

166 1842 330 1905 cularibus
349 1841 473 1904 similes
493 1843 644 1928 satyricis
666 1840 788 1906 fabulis
807 1842 954 1907 Graecia.
982 1854 1098 1928 quarta
1116 1843 1243 1927 species
1265 1851 1315 1905 cst

167 1941 368 2027 planipedis,
390 1943 445 2028 qui
459 1941 584 2007 Graece
606 1942 727 2009 dicitur
745 1945 873 2007 mimus.
896 1943 970 2007 ideo
985 1952 1094 2008 antem
1101 1942 1230 2025 „Latine
1246 1941 1346 2028 plara

166 2045 257 2127 nipes
281 2042 421 2115 dictus,·
445 2043 533 2130 quod
567 2053 692 2107 actores
721 2043 862 2130 pedibus
889 2044 1012 2131 planis,
1056 2047 1089 2108 id
1125 2053 1175 2108 est
1198 2044 1312 2124 nudis,

165 2146 372 2229 proaceninm
396 2145 583 2227 introirent,
613 2166 678 2209 non
702 2154 738 2208 ut
759 2146 878 2230 tragici
899 2132 1025 2210 actores
1048 2169 1124 2210 cum
1144 2144 1312 2227 cothurnis

165 2267 271 2330 neque
297 2255 334 2309 nt
363 2245 478 2310 comici
506 2268 579 2311 cum
607 2248 729 2325 soccis;
770 2247 841 2311 siue
868 2246 956 2334 quod
985 2246 1062 2311 olim
1091 2270 1156 2312 non
1180 2248 1213 2309 in
1237 2269 1312 2330 sng-

167 2497 277 2551 actnale
297 2503 428 2568 estquod
448 2503 549 2553 Graeci
568 2492 708 2573 drashicop
727 2504 835 2565 dicunt,
861 2505 909 2554 nbi
927 2510 1010 2569 pocta
1028 2518 1099 2557 *aa*
1122 2494 1246 2567 (lacernam
1264 2490 1311 2566 epo

165 2573 254 2633 statui)
278 2572 365 2635 lyrica
389 2572 516 2634 tragedia
540 2573 662 2635 satyrica
681 2576 840 2635 pretextata
858 2573 983 2622 comedia
1002 2572 1162 2621 tabernaria
1180 2571 1311 2620 Atellano

166 2639 320 2702 rhythmica
344 2637 427 2703 (imino
451 2638 650 2703 ltlrinthonica)
671 2638 801 2688 mimica.'
844 2639 998 2688 Euanthius
1021 2639 1056 2691 ds
1079 2639 1188 2691 tabula:
1227 2638 1312 2687 ‘lllud

166 2723 232 2755 nero
250 2708 397 2756 tenendum
416 2713 471 2768 cst,
492 2711 554 2770 post
578 2703 647 2756 νέαν
670 2705 824 2772 κωμῳδίαν
842 2707 958 2756 Latinos
974 2707 1061 2756 multa
1085 2708 1240 2759 fabularum
1265 2723 1311 2770 ge·

166 2790 233 2824 nera
251 2775 411 2838 protulisse:
429 2781 459 2823 ut
476 2779 601 2838 togatas,
621 2790 638 2822 a
650 2775 770 2823 scenicis
793 2780 876 2838 atque
896 2776 1064 2838 argumentis
1087 2776 1197 2890 latigis:
1233 2790 1311 2838 prae-

166 2848 302 2902 textatas,
339 2842 373 2890 ab
403 2842 540 2907 dignitate
553 2842 750 2906 *personarum
782 2849 809 2890 ct
838 2842 928 2892 latina
956 2842 1085 2891 historia:
1122 2842 1267 2892 hellenas
1295 2857 1312 2890 a

167 2909 283 2975 ciuitate
303 2910 488 2973 Campaniae,
508 2908 554 2957 ubi
574 2911 710 2959 actitatae
729 2915 793 2958 sunt
816 2910 950 2974 plurimae
969 2908 1053 2977 (immo
1072 2910 1201 2973 primaelr
1228 2911 1311 2959 Rhin-

167 2975 294 3025 thonicas
324 2976 358 3025 ab
383 2977 504 3026 arrctoris
534 2977 662 3026 nomine:
699 2976 874 3027 tabernarias
905 2979 940 3026 ab
968 2977 1126 3026 humilitate
1157 2978 1312 3041 argumenti

168 3048 195 3091 et
219 3044 289 3092 stili:
326 3045 421 3094 mimos
447 3045 481 3093 ab
504 3045 634 3094 diuturna
656 3045 812 3094 imitatione
839 3046 935 3095 uilium
958 3060 1048 3094 rernm
1072 3052 1100 3094 et
1127 3045 1227 3094 lenium
1251 3061 1311 3108 per·

166 3109 319 3160 sonarum)
358 3112 393 3162 cs.
418 3112 614 3177 Schopenual.
633 3113 652 3161 1.
671 3129 697 3176 p.
724 3110 771 3161 152
789 3128 829 3175 sq.
848 3113 975 3163 Donatus
998 3112 1031 3161 de
1051 3113 1210 3162 comoedia:
1250 3113 1312 3160 ‘Fa-

167 3179 231 3227 bula
260 3180 390 3242 generale
420 3196 517 3229 nonren
546 3187 601 3229 est:
638 3181 696 3228 eins
726 3180 796 3229 duae
821 3183 925 3244 primae
953 3187 1047 3246 partes
1073 3187 1137 3230 sunt
1166 3180 1312 3244 tragoedia

167 3252 195 3293 et
215 3246 364 3295 coraocdia.
385 3249 408 3295 si
427 3249 530 3297 Latina
549 3248 752 3312 argumentatio
771 3249 824 3311 eit,
844 3255 1019 3314 praetextata
1038 3248 1147 3297 dicitnr.
1167 3247 1311 3296 comoedia

167 3320 259 3362 autem
278 3314 378 3363 rnnltas
397 3316 505 3380 specics
523 3315 617 3364 hahet.
650 3322 697 3364 aut
716 3316 788 3364 enim
807 3316 925 3381 palliata
945 3325 1000 3377 cst,
1021 3323 1069 3365 ant
1086 3321 1183 3379 togata
1202 3322 1251 3364 aut
1270 3322 1313 3363 tas

166 3381 296 3430 bonnaria
309 3387 357 3431 aut
369 3381 500 3431 Atellana
519 3389 567 3432 aut
585 3383 681 3432 mimus
700 3389 748 3432 aut
761 3383 948 3444 llhinthpnica
967 3388 1015 3434 aut
1032 3383 1202 3449 planipedia.
1223 3384 1311 3447 plani-

118 3470 122 3475 ⁴
167 3449 249 3512 pedia
268 3455 359 3498 autem
376 3449 453 3499 dicta
465 3451 499 3499 oh
517 3450 702 3501 humilitatem
721 3453 876 3516 argumenti
895 3454 955 3502 eius
975 3469 1007 3502 ac
1023 3452 1162 3501 uilitatem
1176 3457 1309 3511 actorum,

167 3518 213 3579 qui
241 3533 294 3566 non
318 3516 451 3567 cothurno
475 3525 523 3568 ant
545 3535 627 3570 socco
653 3525 765 3569 utuntur
787 3521 816 3570 in
839 3536 925 3571 scena
945 3526 993 3571 aut
1011 3520 1130 3585 pulpito,
1160 3519 1209 3569 sed
1228 3519 1311 3584 plano

251 3798 269 3851 3
284 3799 528 3866 argumentorum
546 3794 691 3851 Bacchias
705 3795 745 3866 cs.
763 3799 780 3850 7
788 3810 849 3867 sq.:
866 3797 917 3852 ‘et
931 3792 1100 3851 humilitate
1111 3811 1312 3870 personarum

168 3885 198 3932 ct
213 3884 456 3951 argumentorum
471 3876 703 3935 similitudine':
723 3896 920 3955 personarum
934 3880 1033 3946 ΑΒΜ,
1050 3882 1165 3935 seclrtar't
1183 3866 1313 3956 lr'riliasly

167 3972 184 4021 4
200 3968 491 4039 praetermeantem
507 3964 560 4016 ΑΒ
573 3971 735 4039 praetexta
756 3972 856 4020 antem
872 3965 904 4019 Μ
918 3959 930 4043 ll
945 3973 962 4023 6
977 3972 1022 4022 est
1045 3982 1097 4021 om.
1121 3965 1220 4029 ΑΒΜ,
1244 3967 1311 4024 aaa

168 4039 306 4126 Keiliuall
323 4056 354 4105 10
371 4045 552 4102 inducuntur
567 4066 645 4124 quae
664 4046 784 4125 quidem
802 4047 873 4104 olim
887 4047 968 4125 qtrnd
987 4051 1114 4104 lr'eilias:
1130 4047 1313 4105 inducantur

168 4130 355 4211 (indicuntur
371 4133 398 4187 R
415 4129 586 4188 indicantur
606 4130 651 4212 M)
669 4131 818 4210 qrraerlam
841 4132 910 4188 olim
929 4132 1119 4213 quoddam
1130 4132 1313 4189 inducuntur

166 4236 245 4295 qnae
263 4215 343 4295 qnod
361 4215 431 4272 olim
447 4234 464 4282 ς
486 4209 491 4293 l
510 4227 536 4275 11
558 4215 704 4274 tabernae
717 4217 957 4273 Neakr'relrias'de
970 4219 1031 4289 sab.
1046 4227 1100 4288 top.
1118 4218 1198 4277 Ruris.
1214 4237 1243 4290 p.
1258 4224 1312 4274 ld:

168 4300 360 4360 tabernariae
376 4300 463 4358 ΑΒΜ
488 4294 493 4381 Ι
519 4309 550 4360 11
567 4302 792 4377 primamne*
808 4308 937 4378 cacp'tae
953 4301 987 4356 M
999 4297 1012 4380 ll
1030 4312 1061 4362 13
1079 4295 1265 4360 incolarilms
1284 4303 1314 4358 Μ

166 4381 175 4464 ll
193 4394 220 4447 11
240 4386 371 4443 coturnis
389 4386 476 4442 ΑΒΜ
