2964 5002
574 398 618 439 nr
640 398 728 440 visus
751 398 967 443 moveramus
1286 386 1347 449 137

195 539 260 605 lent
279 538 342 606 bae
361 540 504 607 litterae.
541 540 666 608 Caesar
687 566 816 631 quoque
839 546 1009 630 Augustus
1034 547 1077 612 ad
1099 549 1219 613 filium:
1252 555 1348 638 ‘quo-

194 642 296 722 niam,
318 642 445 728 inquit,
468 643 722 709 innumerabilia
743 645 894 710 incidunt
915 648 1049 713 assidue
1072 671 1156 736 quae
1179 652 1281 716 scribi
1302 653 1346 716 ad

194 739 387 806 alterutrum
409 751 560 830 oporteat
572 754 605 807 et
620 765 693 808 esse
711 755 854 828 secreta,
874 748 1053 813 habeamus
1072 752 1234 816 internos
1251 763 1345 818 notas

194 841 220 904 si
239 843 293 906 uia
315 842 419 926 tales,
449 854 486 908 ut
507 865 582 908 oum
608 844 735 932 aliquid
758 848 844 910 notis
868 848 1078 916 scribendum
1102 853 1165 916 erit
1185 875 1244 939 pro
1264 875 1346 918 una-

181 963 331 1030 squaque
352 943 463 1010 littera
482 945 664 1010 scribamus
683 956 872 1032 sequentem
889 947 950 1013 hoc
970 951 1083 1015 modo:
1112 974 1172 1037 pro
1186 974 1207 1015 a
1228 954 1264 1033 b,
1286 976 1345 1039 pro

196 1041 256 1107 bc
278 1053 314 1108 et
334 1044 491 1131 deinceps
515 1046 628 1110 eadem
650 1049 777 1112 ratione
798 1057 941 1131 ceteram
979 1072 1039 1135 pro
1060 1073 1085 1116 x
1106 1061 1216 1124 autem
1237 1052 1345 1119 littera

191 1143 395 1211 redeundum
424 1149 488 1211 erit
515 1146 558 1212 ad
585 1147 709 1234 duplex
738 1151 783 1211 a.’
825 1149 959 1235 quidam
982 1152 1081 1216 etiam
1103 1156 1210 1218 uersis
1233 1155 1344 1220 uerbis

192 1244 395 1311 scribebant.
495 1300 499 1307 .

319 1345 426 1414 Notae
449 1347 535 1412 XXI
558 1370 641 1434 quae
663 1349 815 1414 uersibus
837 1352 959 1436 apponi
981 1363 1191 1418 consuerunt.

165 1469 188 1511 a
280 1482 327 1497 —
338 1447 465 1514 obelus.
482 1465 511 1521 a<
523 1453 711 1515 asteriscus.
732 1471 801 1524 ilt-
812 1451 990 1517 asteriscus
1005 1474 1079 1517 eum
1091 1453 1196 1519 obelo.
1214 1466 1249 1522 >
1268 1456 1343 1521 aim·

190 1545 268 1647 plex
289 1547 419 1613 ductus.
452 1563 488 1626 >
512 1550 610 1638 diple.
648 1560 684 1628 >1
704 1550 793 1649 diple
814 1554 1078 1639 periestigmene.
1108 1556 1340 1641 Oantisigma.

192 1651 422 1734 aautiaigma
442 1674 517 1717 cum
537 1661 667 1738 puncto.
706 1652 884 1719 lcoronis.
919 1664 1000 1728 >-
1019 1654 1110 1741 diple
1128 1656 1339 1723 ebelismene.

190 1877 241 1923 tur.
280 1871 354 1922 uude
373 1878 401 1922 et
419 1874 506 1924 habet
522 1890 572 1939 per
588 1874 708 1924 medinm
726 1873 825 1935 telum,
850 1873 878 1922 id
903 1879 944 1923 est
963 1876 1058 1926 mortis
1077 1878 1195 1942 signnm.
1232 1879 1266 1928 da
1286 1894 1340 1944 qun

191 1938 302 1991 Persius
319 1940 373 1989 sit:
391 1942 429 1991 Et
447 1943 519 2007 potis
539 1947 581 1991 est
599 1943 707 2007 nigrum
724 1942 794 1990 uitio
812 1941 967 2006 praefigere
986 1943 1074 1993 theta.
1107 1960 1169 1994 cum
1187 1950 1280 1995 autern
1298 1947 1339 1997 in-

191 2006 319 2071 peritiam
337 2008 498 2073 significare
517 2009 635 2070 uellent,
655 2011 679 2058 Λ
703 2008 813 2058 lambda
836 2008 931 2058 littera
955 2009 997 2058 usi
1021 2016 1100 2073 sunt,
1129 2012 1202 2062 sicut
1224 2019 1339 2064 mortem

191 2073 401 2139 significabant,
426 2092 488 2126 cunr
511 2077 653 2142 ponebant
674 2075 753 2125 theta
777 2076 813 2125 ad
831 2080 922 2141 caput.
959 2077 988 2125 in
1010 2079 1210 2142 stipendiorum
1228 2095 1337 2145 quoque

191 2140 340 2205 largitione
363 2145 492 2209 propriae
517 2150 596 2194 erant
619 2145 724 2196 uotae.’
761 2144 806 2193 et:
846 2145 900 2192 ‘De
923 2144 997 2193 notis
1019 2145 1185 2199 litterarum.
1226 2148 1336 2198 Notas

193 2209 294 2259 eiiam
313 2209 515 2260 litterarum
529 2247 555 2260 ..
572 2206 823 2260 ‚scribebant’
850 2210 898 2260 25:
919 2210 1062 2262 ‘Denotis
1081 2213 1238 2276 digitorum.
1267 2218 1336 2266 Sunt

193 2276 327 2340 quaedam
351 2284 379 2327 et
401 2279 551 2342 digitorum
573 2285 672 2338 notae,
701 2284 765 2328 aunt
788 2283 816 2327 et
838 2277 990 2339 oculorum,
1016 2281 1115 2344 quibus
1139 2296 1233 2331 seeum
1256 2284 1337 2333 trtclti

193 2343 337 2410 proculque
355 2346 493 2397 distantes
511 2347 689 2397 collocuntur.
719 2347 760 2395 sic
778 2361 836 2396 mos
855 2359 899 2394 est
916 2345 1060 2408 militaria,
1079 2354 1110 2396 ut
1129 2350 1256 2412 quotiens
1272 2365 1336 2401 con·

193 2411 274 2460 sentit
296 2414 435 2463 exereitus
460 2414 525 2478 quia
547 2428 615 2463 uoco
634 2429 689 2462 non
712 2418 802 2478 potest
820 2429 902 2462 manu
925 2415 1081 2478 promittat;
1113 2414 1164 2463 alii
1183 2417 1248 2480 quia
1267 2432 1336 2466 uoce

194 2493 245 2529 neu
261 2487 389 2544 possunt,
411 2481 565 2546 gladiorum
582 2488 656 2530 motu
674 2481 806 2532 salutant.
843 2480 949 2530 Ennius
968 2486 1051 2545 [frumo
1070 2482 1093 2529 N
1096 2482 1191 2531 acutius
1209 2484 1245 2544 es.
1267 2485 1335 2533 Pau·

194 2549 228 2593 trs
245 2547 317 2596 i‘em
332 2564 355 2597 a.
373 2565 394 2597 o.
415 2550 541 2610 adirictot)
561 2550 594 2598 de
615 2547 731 2612 (piundum
751 2549 902 2612 impudica:

751 2616 843 2676 Quase
862 2618 891 2664 in
910 2614 991 2666 chorii
1011 2615 1068 2680 pila

394 2681 492 2733 luddns
510 2682 627 2733 datatim
645 2681 693 2731 dit
711 2697 740 2731 se
760 2690 788 2731 et
807 2681 976 2732 commundrn
996 2683 1074 2731 facit.

394 2749 480 2800 alirino
498 2755 588 2810 tenet,
609 2751 658 2800 alii
677 2750 809 2813 adnutat,
831 2749 899 2799 alibi
917 2765 1014 2799 manus

394 2823 438 2867 est
456 2817 606 2884 occupata,
627 2816 676 2866 ulii
695 2817 764 2881 pede
784 2816 913 2881 percellit
931 2818 1037 2882 pedem,

394 2884 444 2934 alii
463 2885 510 2934 dat
529 2885 638 2935 anulum
658 2885 868 2951 rispectundnm‚
889 2885 975 2934 isdem
994 2884 1010 2933 il
1029 2884 1115 2934 labris

393 2952 478 3001 alium
497 2951 610 3003 inuocat
629 2968 742 3016 cumque
762 2953 819 3002 alio
838 2959 948 3013 cuntot,
968 2951 998 3001 tt
1017 2958 1110 3002 tamen
1190 2956 1200 2977 '

394 3019 443 3069 alii
462 3021 509 3068 ‹lnt
528 3021 615 3084 dIgito
634 3018 767 3071 litteras’

1354 1345 1457 1419 108*

196 3085 219 3143 (r
240 3088 418 3138 eudilanus.
445 3095 470 3137 et
494 3088 615 3138 ltibbecli
637 3089 716 3137 Abeo.
742 3091 819 3153 tsqq.
843 3103 959 3138 vernoun
980 3088 1161 3151 restitutione).
1188 3114 1216 3123 -
1237 3088 1333 3139 Sueto·
1431 3140 1433 3147 ,

196 3154 251 3203 nius
263 3155 331 3218 Aug.
351 3152 397 3204 88:
419 3155 566 3216 ‘Quotiens
585 3161 677 3205 autem
695 3171 744 3220 per
762 3164 844 3204 notas
861 3154 972 3216 scribit,
992 3155 1017 3202 B
1035 3170 1083 3218 pro
1096 3157 1135 3217 A,
1158 3156 1242 3220 Cpro
1256 3157 1281 3205 B
1301 3175 1333 3207 ne

196 3221 288 3270 deince
309 3238 322 3270 s
342 3223 439 3271 endem
457 3224 564 3272 ratione
578 3224 719 3286 sequentis
737 3222 846 3271 litteras
859 3222 948 3286 ponit,
967 3237 1014 3286 pro
1027 3222 1051 3270 X
1065 3230 1157 3272 antem
1171 3223 1272 3288 duplex
1285 3225 1334 3273 Α.’

261 3238 331 3342 tub*
348 3289 518 3339 Anecdotum
541 3291 696 3339 Parisinum
720 3307 734 3338 c
759 3291 817 3339 coil.
845 3290 973 3338 Parisino
997 3287 1064 3338 7530
1093 3306 1118 3340 n.
1143 3289 1193 3339 780
1222 3301 1335 3342 exarato

194 3357 268 3407 aTh.
281 3359 451 3407 blommseno
469 3358 646 3423 descriptum,
666 3358 763 3406 deinde
782 3373 798 3406 u
812 3357 863 3406 Th.
877 3355 998 3421 Bergkio
1018 3356 1123 3421 publici
1142 3358 1209 3407 iuris
1230 3360 1334 3410 facturn

194 3423 220 3472 iu
235 3424 398 3476 zeitschrift
416 3425 461 3474 fur
479 3425 679 3474 Alterthunisw.
702 3425 767 3474 luto
784 3442 810 3488 p.
830 3425 862 3474 85
873 3440 930 3489 sqq.
951 3424 1082 3474 Suetonio
1107 3425 1179 3474 stom
1197 3426 1335 3491 Berglrius

194 3493 352 3543 vindicarit.
371 3519 404 3526 -
425 3492 546 3542 isidorus
564 3493 651 3558 origg.
672 3493 750 3542 120:
783 3494 848 3542 ‘lie
868 3493 941 3541 notis
959 3493 1164 3555 scripturarum.
1182 3493 1334 3556 Praeterea

194 3561 325 3623 «quaedam
344 3561 542 3624 scripturarum
561 3569 643 3610 notua
664 3561 737 3625 apud
756 3559 953 3610 celeberrimos
967 3567 1094 3609 auctores
1110 3561 1233 3624 fuerumt,
1254 3577 1335 3626 quas-

209 3663 393 3672 ——---—-

275 3726 285 3775 l
307 3734 363 3772 eae
379 3719 463 3788 υιιὶρο
477 3708 490 3794 Η
506 3710 610 3793 filiurn]
627 3715 666 3786 cf.
691 3717 843 3772 ii'eicbert.
859 3719 931 3787 Auq.
949 3717 1000 3771 rel.
1012 3733 1045 3785 p.
1065 3720 1121 3770 155
1140 3715 1268 3786 fortusse
1283 3716 1332 3774 Li·

193 3799 268 3856 uiam
289 3802 358 3855 lutet
378 3795 391 3878 Η
413 3800 552 3876 quonism
569 3800 682 3855 Mortuo.
709 3802 760 3855 Gn.
782 3804 843 3855 23
866 3797 947 3876 quod
962 3800 1013 3854 Gn.
1035 3806 1161 3876 iqninn
1179 3804 1260 3872 euim)
1284 3799 1296 3877 Η
1318 3809 1334 3859 2

192 3883 333 3941 incedunt
356 3888 409 3941 Ga.
432 3890 450 3939 3
471 3882 612 3940 accidant
629 3887 666 3940 ol.
684 3879 697 3963 Η
713 3882 804 3940 scribi
820 3884 935 3940 Montio.
962 3887 1042 3956 ιἰιΙρο
1059 3883 1193 3941 scribere
1215 3887 1268 3941 Gu.
1287 3893 1302 3942 Ι
1318 3885 1330 3965 Η

193 3967 228 4025 ad
243 3967 421 4026 alterutrum
440 3970 536 4040 t’trIpo:
567 3966 743 4025 alterutrum
759 3968 874 4023 Mortuo.
899 3969 951 4023 Gn.
972 3974 996 4023 1.
1016 3973 1039 4023 2.
1058 3973 1085 4023 3.
1106 3975 1124 4025 4
1146 3963 1159 4046 Η
1179 3976 1196 4027 3
1215 3979 1333 4044 oportet

191 4057 268 4127 culpo
283 4048 296 4133 Η
313 4062 343 4110 et
358 4069 448 4125 snper
460 4069 533 4109 vers.
549 4054 679 4124 Monac,
702 4073 753 4110 om.
774 4055 825 4108 Gn.
841 4058 867 4108 2.
887 4058 913 4108 3.
932 4059 951 4107 t
967 4047 980 4131 Η
996 4063 1130 4109 secretas
1150 4054 1201 4107 Gu.
1217 4059 1236 4107 t
1250 4051 1263 4130 JJ
1280 4053 1332 4109 ha·

192 4136 312 4195 beamus
329 4156 402 4213 ergo
420 4138 498 4194 inter
512 4155 568 4193 nos
585 4141 666 4210 irritae
685 4138 764 4194 inter
781 4156 835 4192 nos
853 4134 1019 4194 habeamus
1037 4139 1091 4193 Gu.
1113 4142 1126 4193 i
1143 4133 1156 4213 Η
1170 4143 1187 4194 4
1203 4154 1332 4215 euinque

192 4225 239 4279 Ga.
259 4230 273 4280 t
288 4218 302 4301 Η
317 4221 405 4280 nobis
422 4223 474 4278 Gn.
494 4214 538 4296 3Η
555 4232 570 4281 5
587 4221 645 4278 hoc
666 4221 755 4278 inodo
772 4240 825 4276 orn.
845 4223 897 4277 Gn.
916 4226 935 4276 t
951 4215 993 4299 Η7
1013 4219 1052 4277 ad
1074 4219 1190 4298 duplex
1207 4238 1225 4277 a
1248 4242 1265 4277 a
1284 4240 1330 4277 re-

191 4305 338 4366 deundum
352 4307 410 4365 erit
426 4308 480 4363 Gn.
502 4311 513 4359 t
528 4301 541 4386 Η
558 4303 660 4380 etiam]
677 4314 777 4363 autern
791 4309 843 4363 Ga.
862 4313 879 4360 2
893 4298 907 4385 Η
922 4306 1019 4362 uersis
1030 4324 1082 4361 om.
1097 4308 1149 4361 Gu.
1169 4310 1186 4361 2
1201 4302 1215 4385 Η
1228 4314 1245 4366 8
1257 4305 1330 4363 scri·

190 4389 258 4449 bunt
275 4387 343 4473 α1.Η
363 4401 395 4451 10
403 4410 471 4468 sqq.
487 4392 600 4464 fiqaraa
618 4395 647 4445 in
665 4393 761 4447 codice
775 4392 853 4463 sulse
870 4393 964 4461 pictos
978 4393 1098 4447 corr-eoi
