2964 5002
162 361 223 423 518
579 379 611 420 ru
626 379 724 421 vrrnu
740 376 888 419 raneurn

163 541 210 592 est
226 532 277 591 vel
298 541 387 590 nutem
408 531 459 590 vel
480 530 544 589 ulla
564 529 731 609 particulo,
757 529 846 588 etiarn
868 527 1095 606 transponendo
1114 530 1218 588 sanari
1239 548 1303 588 ver·

164 655 228 715 sum
249 653 340 713 posse
364 632 570 691 Buechelerus
592 633 722 691 monuit:
748 635 825 708 serit,
854 641 884 690 ut
903 648 1003 688 nauem
1024 634 1109 688 semei
1129 630 1181 689 uel
1202 630 1305 711 paullo

162 735 284 813 longius
299 756 317 794 a
330 734 416 793 libris
429 738 505 810 sccii.
537 737 581 792 ubi
596 753 696 794 nouem
710 737 801 792 semel.

248 836 395 915 Pago32,
412 835 458 897 lu
471 846 654 896 memoratus
671 840 819 895 Cosconius
840 855 901 894 non
916 833 1039 894 videtur
1056 834 1135 894 alins
1159 855 1228 895 esse
1250 837 1308 896 nisi

164 940 212 1000 bis
228 960 246 999 a
260 941 397 999 Varrone
414 937 452 997 de
475 937 496 998 l.
523 938 576 999 lat.
601 939 757 1018 prolatus,
783 939 813 997 in
837 939 1015 1017 quaestione
1041 939 1242 1014 grammatica
1269 938 1308 998 ad

165 1042 340 1119 analogiam
357 1048 519 1119 spectante
543 1040 596 1099 lib,
615 1053 665 1111 vr,
685 1049 733 1112 36,
759 1039 796 1099 de
818 1056 953 1098 occentus
973 1039 1062 1099 verbi
1083 1040 1309 1117 significatione

165 1155 210 1218 vl,
227 1152 270 1206 89.
301 1142 343 1200 Et
356 1144 525 1220 posteriore
542 1142 665 1222 quidem
677 1143 745 1203 loco
761 1162 829 1201 cnm
845 1144 1003 1200 ‘Cosconius
1025 1147 1053 1200 iu
1075 1140 1241 1201 actionibus’
1264 1143 1307 1202 di·

167 1253 262 1318 catur,
280 1245 403 1304 fuerunt
418 1246 470 1325 qui
488 1245 526 1304 de
544 1246 609 1303 Icto
624 1246 724 1323 potius
739 1243 789 1303 vel
805 1244 843 1303 de
858 1252 977 1303 oratore
993 1245 1181 1321 cogitarent:
1207 1246 1309 1304 imme-

166 1349 233 1406 rito.
272 1347 352 1406 Nam
373 1345 429 1407 ‘de
444 1346 629 1406 actionibus’
645 1345 782 1406 scribere
796 1346 1010 1424 grammaticus
1027 1345 1198 1406 Cosconius
1212 1349 1311 1428 potuit

169 1448 275 1508 eodem
293 1458 386 1529 atque
404 1450 472 1528 ipse
488 1450 586 1509 Varro
603 1435 756 1520 instituto,
783 1449 867 1507 cuius
882 1446 937 1507 ‘de
952 1447 1123 1508 actionibus
1140 1451 1308 1510 scaenicis*

166 1550 259 1610 libros
274 1552 367 1611 fnisse
384 1571 450 1609 curn
466 1553 540 1610 satis
556 1560 675 1611 constat
690 1560 752 1610 tum
770 1549 907 1630 pluribus
923 1549 1043 1609 anobis
1059 1549 1250 1630 disputatum
1266 1561 1312 1612 eet

167 1655 267 1714 Musei
286 1653 385 1713 Rhea.
403 1647 429 1711 t'
441 1665 475 1711 v1
492 1675 522 1732 p.
539 1663 591 1716 516
606 1673 691 1734 sqq.:
716 1652 897 1714 deuotione
915 1662 1017 1712 antem
1032 1653 1199 1727 Boeotiae,
1224 1655 1311 1714 onius

167 1756 291 1815 fabulae
307 1765 504 1814 controversa
523 1755 608 1831 origo
630 1763 726 1827 esset,
753 1757 797 1813 ita
820 1754 901 1813 idern
920 1756 1117 1814 commentari
1139 1757 1256 1835 potnit,
1279 1766 1312 1816 ut

168 1879 223 1937 per
241 1857 373 1937 aliquam
393 1857 584 1916 occasionem
602 1877 670 1915 enm
685 1877 823 1929 versum,
845 1877 935 1936 quem
953 1876 990 1916 ex
1009 1857 1064 1916 illa
1080 1858 1178 1917 Varro
1195 1860 1312 1938 profert

169 1959 229 2018 ‘ubi
244 1953 523 2038 primnm'acceusus
538 1957 685 2018 clamarat
701 1959 878 2032 meridiem',
894 1961 1147 2038 interpretaretur
1165 1962 1220 2040 (ef,
1236 1961 1311 2020 Pur-

168 2082 230 2139 org.
251 2084 280 2140 p.
296 2059 372 2137 208)
401 2059 452 2119 Ad
468 2059 590 2120 eosdem
607 2062 699 2138 igitur
717 2062 888 2120 ‘actionum'
905 2061 999 2120 libros
1018 2061 1098 2120 baud
1114 2063 1178 2122 seio
1196 2084 1236 2122 nn
1252 2061 1312 2122 nen

168 2162 356 2221 incommode
374 2163 466 2221 etiam
481 2160 619 2222 Suetonii
635 2165 811 2223 memoriam
825 2165 959 2238 referas,
983 2183 1062 2244 qnae
1081 2173 1128 2223 est
1144 2165 1183 2225 de
1199 2164 1311 2225 fabulis

168 2265 307 2324 Terentii
328 2286 389 2324 non
410 2266 486 2324 actis
510 2264 610 2346 deque
633 2275 728 2325 morte
748 2274 860 2345 poetae
886 2267 971 2325 cuius
997 2275 1085 2325 actae
1114 2265 1240 2327 fabulae
1265 2278 1312 2328 sat

169 2368 284 2445 largam
301 2367 476 2448 disputandi
496 2369 653 2427 materiam
675 2366 896 2447 praebuerunt3
921 2388 974 2427 cur
991 2368 1072 2427 enim
1093 2372 1312 2430 aneceseariis

170 2469 209 2529 ad
234 2478 364 2548 cognata
385 2469 508 2528 liberius
538 2470 740 2548 exspatiatum
766 2469 933 2546 negemus?
962 2504 1000 2512 —
1029 2470 1173 2530 Ceterum
1199 2471 1312 2532 Cosco-

170 2575 265 2645 nium,
285 2574 441 2643 Porcium,
467 2571 650 2648 Sedigitunr,
668 2573 842 2631 Memmium
867 2581 966 2630 utrum
990 2573 1156 2632 Suetonius
1185 2575 1257 2633 item
1282 2584 1314 2634 nt

170 2676 336 2753 Nepotem,
355 2674 561 2732 Fenestellam
584 2676 666 2753 ipsos
685 2674 822 2733 manibus
842 2675 979 2733 tractarit
1000 2696 1037 2733 an
1058 2696 1162 2734 eorum
1178 2678 1312 2735 testimo·

171 2778 222 2835 nia
238 2778 305 2834 aliis
322 2785 449 2851 accepta
464 2777 591 2848 referat,
614 2776 705 2835 valde
721 2796 810 2853 posse
828 2776 959 2834 dubitari
976 2777 1075 2835 video.
1110 2779 1243 2837 Varroni
1260 2800 1313 2858 po·

172 2881 316 2936 tissimum
339 2877 437 2953 (cuins
453 2878 542 2936 mmlo
558 2881 741 2937 mentionem
757 2879 909 2936 faciebam
925 2879 964 2937 ad
982 2900 1012 2956 p.
1032 2890 1074 2952 32,
1091 2879 1121 2956 5)
1138 2902 1198 2939 non
1215 2903 1314 2960 panca

173 3002 240 3039 enm
257 2981 369 3038 debere
389 2982 447 3037 iam
467 2981 536 3038 olim
550 2984 721 3060 suspicatus
742 3002 806 3039 sum
824 2982 951 3057 I'nrorg.
968 3002 996 3058 p.
1012 2991 1072 3042 244.
1090 2991 1139 3044 621
1157 3004 1242 3064 sqq.:
1265 3005 1313 3042 cn·

172 3085 217 3140 ins
238 3082 292 3140 ‘de
308 3084 420 3160 poetis¹
444 3082 537 3141 libros
552 3085 714 3160 permirum
730 3084 808 3142 sitsi
824 3082 961 3141 eiusdem
977 3085 1147 3159 argumenti
1163 3107 1313 3145 commen·

172 3186 256 3241 tariis
274 3186 334 3242 suis
351 3206 411 3242 non
428 3184 609 3243 adhibuerit,
650 3188 842 3265 Quamquam
862 3194 1026 3263 potuerunt
1043 3188 1070 3245 oi
1093 3189 1185 3244 etiam
1202 3188 1313 3264 Imagi-

172 3307 241 3344 num
264 3286 333 3344 libri
352 3287 442 3345 alicui
459 3288 526 3344 usui
543 3307 621 3347 esso.
660 3290 728 3366 Quo
753 3299 854 3345 tamen
877 3307 935 3345 nno
955 3288 1023 3345 loeo
1042 3289 1189 3347 Varronis
1206 3310 1314 3349 nomen

173 3391 237 3466 ipse
254 3391 356 3467 posuit
368 3410 397 3466 p-
416 3400 459 3462 30,
480 3401 507 3462 l,
526 3390 566 3448 ibi
585 3393 726 3469 quoniam
742 3392 837 3448 virtus
854 3392 975 3468 poetica
993 3391 1131 3448 Terentii
1151 3392 1313 3464 iudicatur,

174 3494 302 3550 fortasse
318 3512 375 3550 nec
388 3492 497 3551 abillis
513 3493 620 3551 neceb
636 3494 682 3551 his
699 3502 744 3551 est
757 3492 920 3569 profectur,
935 3492 990 3551 sed
1003 3493 1115 3550 talibus
1129 3494 1231 3570 potins
1244 3516 1314 3553 usus

171 3594 279 3672 ‹prales
309 3595 432 3653 suerunt
459 3596 514 3653 ‘dc
537 3596 699 3672 poematis'
722 3596 791 3653 libri
818 3595 868 3652 vel
892 3595 945 3653 ‘de
968 3595 1241 3674 descriptionibus'
1273 3599 1315 3655 in·

174 3698 293 3774 scripti:
312 3697 348 3755 de
361 3698 557 3775 quibusMns.
574 3698 630 3756 lth.
648 3699 667 3756 l.
683 3719 707 3756 e,
721 3718 744 3756 n.
759 3697 870 3755 dietum
888 3707 943 3755 est.
969 3698 1048 3754 Nam
1064 3698 1144 3756 ultra
1161 3701 1313 3758 coniectu·

175 3818 223 3856 rus
247 3820 363 3880 easque
386 3801 460 3858 satis
479 3802 628 3878 ancipites
649 3800 798 3858 nonlicet
818 3801 938 3858 sanein
957 3801 1013 3856 hoe
1032 3820 1145 3875 genere
1161 3802 1313 3879 progredi.

258 3901 377 3960 Ibidem
399 3905 509 3961 onrisso
534 3923 600 3960 cum
624 3909 647 3960 Α
675 3901 768 3961 verbo
794 3901 877 3959 finito
904 3903 1070 3959 orationem
1094 3911 1199 3961 nostro
1225 3924 1315 3963 sensu

174 4004 303 4062 Rotbius
322 4025 460 4082 asperam
481 4013 511 4063 et
533 4006 663 4064 hiulcam
680 4006 753 4065 fecit
775 4026 810 4063 ac
828 4005 878 4062 vix
897 4003 1017 4080 dignam
1034 4002 1193 4091 Suetonio.
1234 4006 1315 4064 Fieri

173 4115 275 4184 petest
297 4128 370 4165 surm
389 4117 436 4180 ut,
460 4127 525 4165 curn
548 4109 586 4166 ab
605 4109 661 4166 boc
683 4108 765 4166 alind
787 4095 912 4164 verbum
928 4107 1058 4183 positum
1080 4107 1207 4178 fnisset,
1232 4108 1317 4167 velut

173 4212 278 4278 scribit,
309 4209 398 4266 simili
426 4211 648 4287 interpolatoris
679 4220 870 4269 correcturae
899 4211 962 4264 dicit
992 4207 1140 4266 debeatur
1168 4218 1263 4288 atque
1287 4232 1315 4290 p.

173 4320 222 4379 30,
247 4322 277 4372 15
300 4316 352 4368 uit:
377 4320 408 4368 at
429 4311 524 4369 nihilo
544 4320 644 4370 tamen
663 4314 721 4371 hoc
742 4312 852 4370 certius
876 4329 966 4388 quam
987 4330 1059 4368 casu
1082 4312 1113 4368 in
1128 4316 1152 4367 A
1175 4314 1315 4370 omissam

174 4433 278 4472 vocem
301 4422 417 4471 eeteros
434 4412 528 4472 libros
549 4434 688 4474 seruasse
711 4424 742 4472 nt
757 4434 786 4491 p.
803 4421 845 4482 28,
864 4420 939 4490 9sq.
982 4412 1049 4471 Nec
1071 4411 1109 4470 ab
1131 4433 1189 4471 usu
1206 4415 1314 4475 Sueto·
