2964 5002
87 409 91 415 .
166 362 224 424 160
671 376 802 423 rnsrvu

163 529 223 594 hoc
246 551 364 594 nomen
390 537 449 594 est.
493 542 725 592 courlclruvm
749 527 880 614 quando
907 545 1018 593 omnes
1048 525 1164 609 silent3
1206 522 1308 591 conti·

164 652 293 696 eeseere
310 631 396 694 enim
416 628 511 693 silere
531 639 591 694 est.
627 645 849 692 luruurusrn
864 629 898 693 id
915 638 966 692 est
984 628 1159 713 inportune
1176 626 1308 713 quando

163 733 218 816 agi
243 731 325 796 nihil
345 739 454 816 potest
475 739 508 795 et
532 733 642 795 omnia
668 731 780 816 quieta
808 738 894 793 sunt.
938 744 1173 792 eeuurcmlvu
1199 738 1307 793 eutem

165 834 288 898 dietum
318 842 367 896 est
395 840 528 919 propter
548 831 654 919 gallos
682 830 765 895 lueis
787 831 1010 916 praenuntios.
1054 839 1308 894 duurvscvuvrt

111 995 116 1006 ,
165 950 373 998 uarvrmvu
395 933 480 996 inter
496 931 686 996 abscessum
708 933 812 995 noctis
835 940 867 994 et
889 931 954 994 diei
975 931 1164 996 aduentum.
1194 926 1341 1015 (unilt-³⁵¹

164 1051 283 1100 cvnvu
303 1035 399 1121 qnasi
420 1034 485 1097 iam
506 1033 666 1119 incipiens
688 1054 792 1121 parua
815 1031 882 1097 diei
903 1031 971 1096 lux.
1010 1031 1092 1098 baec
1111 1041 1145 1096 et
1166 1045 1308 1094 evaeus

47 1205 48 1208 ,
164 1159 248 1224 quae
265 1133 371 1216 solem
394 1134 586 1222 praecedit.)
983 1129 987 1135 ’

42 1223 157 1301 117**
251 1252 473 1300 rrussnouans
500 1235 587 1322 apud
610 1238 754 1302 Graecos
782 1244 815 1299 et
836 1234 1001 1300 Romanos
1029 1242 1153 1320 septem
1181 1233 1308 1298 dierum

165 1360 264 1403 cursu
293 1338 470 1424 peragitur.
520 1339 608 1424 apud
637 1337 799 1402 Romanos
829 1335 863 1399 hi
894 1335 964 1399 dies
992 1357 1012 1399 e
1039 1334 1180 1420 planetis
1203 1333 1237 1397 id
1261 1343 1311 1397 est

165 1441 312 1505 erraticis
334 1438 438 1502 stellis
459 1440 591 1503 nomina
609 1446 775 1524 ceperunt.
817 1438 957 1523 primum
982 1437 1068 1501 enim
1090 1435 1178 1499 diem
1199 1456 1220 1499 a
1242 1433 1346 1498 soleto

165 1661 210 1714 uel
230 1661 418 1729 crepusculum
436 1663 608 1723 matutinum,
628 1668 736 1726 tempus
754 1660 825 1725 quod
837 1665 903 1710 ante
915 1659 1002 1709 solem
1014 1657 1075 1709 est.¹
1107 1658 1143 1708 cf.
1162 1663 1310 1724 praeterea

166 1734 253 1782 Varro
277 1732 310 1780 1..
335 1731 367 1778 L.
390 1730 429 1778 VI
452 1727 469 1778 o
491 1744 550 1793 sqq.
574 1729 741 1779 Censorinus
762 1729 796 1777 24
818 1727 931 1778 Servius
947 1729 1016 1777 Aen.
1042 1724 1146 1775 11268.
1175 1725 1311 1791 exscripsi

167 1800 202 1850 ad
219 1800 303 1862 Frag.
325 1793 399 1846 113².
428 1797 549 1845 Isidorus
567 1797 655 1862 origg.
669 1797 692 1846 V
704 1793 747 1856 31,
761 1796 778 1844 t
790 1810 862 1860 sqq.:
882 1795 988 1845 ‘Noctis
1000 1801 1094 1860 partes
1107 1800 1212 1858 septem
1231 1799 1309 1843 sunt:

165 1881 264 1931 uesper
283 1864 472 1928 crepusculum
491 1865 671 1913 conticinium
690 1864 883 1928 intempestum
902 1861 1075 1926 gallicinium
1093 1862 1258 1911 matutinum
1269 1859 1311 1910 di·

166 1933 295 1982 luculum.
309 1947 410 1996 uesper
427 1947 444 1980 a
456 1931 539 1981 stella
557 1931 726 1981 occidentali
738 1936 855 1980 uocatur
873 1945 943 1994 quse
963 1929 1047 1979 solem
1061 1929 1206 1979 occiduum
1219 1928 1310 1993 seqni-

156 2007 210 2050 tur
223 2007 251 2048 et
267 1999 398 2048 tenebras
415 2004 563 2062 soquentes
580 1999 732 2063 praecedit.
751 1998 784 2047 de
803 2013 856 2062 qua
868 1998 1001 2062 Virgilius
1014 1998 1042 2060 (l
1056 1999 1134 2058 3⁷⁴)ss
1152 1997 1225 2046 Ante
1237 1996 1311 2046 diem

167 2068 270 2129 clauso,
285 2071 430 2130 componet
447 2081 547 2130 uesper
566 2065 691 2131 Olympo.
727 2065 859 2115 tenebrae
878 2070 970 2114 autem
988 2064 1081 2114 dictae
1101 2064 1172 2128 quod
1195 2067 1311 2114 teneant

166 2134 285 2184 umbras.
322 2132 511 2198 crepusculum
534 2139 576 2184 est
599 2133 684 2183 dubia
706 2132 762 2182 lux.
797 2147 862 2182 narn
885 2147 1026 2197 creperum
1049 2131 1160 2181 dubium
1183 2131 1310 2192 dicimus,

166 2203 217 2252 lroc
237 2206 279 2251 est
296 2202 369 2250 inter
386 2200 475 2250 lucem
494 2207 523 2250 et
540 2202 677 2251 tenebras.
714 2201 894 2250 conticinium
913 2204 956 2250 cst
973 2199 1081 2264 qnando
1100 2197 1193 2249 omnia
1216 2198 1311 2260 silent,
1365 2246 1370 2253 ,

167 2271 355 2319 conticescere
375 2270 448 2318 enim
466 2269 549 2319 silere
569 2274 618 2318 est.
649 2269 844 2333 intempestum
856 2267 975 2317 medinm
995 2272 1024 2317 et
1036 2267 1208 2329 inactuosum
1220 2266 1311 2316 noctis
1360 2268 1367 2277 ’

167 2343 210 2387 cst
228 2343 345 2401 tompus,
364 2336 472 2400 quando
490 2335 560 2385 nibil
579 2337 626 2401 agi
644 2340 733 2402 potest
751 2342 779 2385 et
797 2335 891 2385 omnia
909 2335 1003 2398 quieta
1021 2341 1086 2385 sunt
1100 2350 1209 2400 sopore.
1246 2349 1312 2384 narn

166 2411 273 2468 tempus
285 2420 335 2468 per
351 2418 381 2453 se
400 2419 453 2453 non
472 2404 638 2469 intelligitur
654 2404 710 2453 nisi
727 2419 776 2468 per
794 2410 873 2453 actus
890 2402 1023 2453 humanos
1085 2400 1217 2465 (secuntur
1233 2402 1312 2452 verde

166 2473 252 2522 Seruii
272 2486 336 2537 quae
359 2479 418 2520 ente
439 2473 593 2536 perscripsi)
618 2477 695 2521 caret
719 2475 850 2535 tempore.
891 2470 1065 2535 gallicinium
1086 2475 1199 2534 propter
1222 2469 1312 2535 gallos

166 2540 236 2589 lucis
259 2539 438 2603 praenuntios
463 2539 575 2589 dictum.
611 2538 775 2603 matutinum
800 2544 842 2587 est
865 2539 938 2587 inter
956 2538 1116 2588 abscessum
1133 2538 1324 2601 tenebrarum,

168 2613 197 2656 ct
214 2621 329 2656 aurorae
348 2606 493 2656 aduentum
513 2614 547 2655 et·
558 2607 662 2656 dietum
680 2607 853 2668 matutinum,
873 2605 944 2669 quod
962 2605 1015 2655 boc
1033 2612 1141 2670 ternpus
1160 2605 1310 2656 inchoante

167 2690 247 2724 mane
271 2675 317 2724 sit.
353 2673 501 2723 diluculum
519 2675 599 2738 quasi
617 2674 673 2724 iam
691 2674 827 2738 incipiens
845 2688 932 2738 parua
950 2673 1007 2722 diei
1030 2673 1083 2722 lux.
1119 2672 1191 2724 baec
1216 2678 1245 2723 et
1263 2688 1309 2722 an·

168 2758 239 2804 rora,
259 2757 329 2806 quae
348 2742 434 2791 solem
452 2741 613 2806 praeeedit)

256 2841 262 2892 l
273 2839 301 2894 ll
310 2838 341 2873 **
353 2842 473 2891 Isidorus
486 2843 520 2892 do
532 2848 632 2891 natura
644 2858 733 2891 rerum
746 2842 788 2891 III
796 2859 802 2890 ε
817 2841 869 2890 ‘De
881 2841 1061 2890 hebdomade.
1087 2839 1311 2893 Hebdomada

168 2910 253 2975 apud
273 2910 427 2959 Graecos
446 2916 478 2959 et
496 2911 667 2959 Romanos
690 2916 823 2974 septem
842 2908 971 2958 dierum
995 2924 1097 2958 cursu
1115 2911 1308 2974 peragitur.

167 2977 238 3042 apud
257 2976 400 3025 Hebraeos
419 2982 511 3026 autem
529 2984 635 3043 septem
654 2978 719 3027 anni
738 2981 814 3039 sunt3
839 2976 965 3026 declarat
987 2976 1039 3026 boc
1062 2977 1164 3027 Daniel
1183 2977 1217 3026 de
1236 2976 1310 3026 Lxx

165 3043 389 3094 hebdomadibus.
400 3043 573 3095 hebdomada
583 3052 675 3095 autem
685 3051 790 3111 septem
802 3045 879 3093 feriis
889 3050 1007 3093 constat.
1019 3044 1090 3093 seria
1101 3051 1193 3094 nutem
1204 3045 1310 3094 stando

166 3113 241 3161 dieta
259 3112 338 3176 quasi
356 3111 439 3171 faria,
457 3113 501 3160 uel
521 3129 552 3162 eo
571 3114 642 3178 quod
660 3115 688 3162 in
706 3113 849 3162 creatione
862 3111 953 3160 mundi
964 3128 1017 3176 per
1034 3114 1156 3177 singulos
1170 3112 1230 3162 dies
1243 3112 1311 3161 dixit

166 3180 246 3227 deus:
260 3179 333 3239 Fiat,
348 3180 413 3228 item
423 3180 488 3242 qnia
501 3180 561 3229 dies
570 3182 682 3230 sabbati
694 3181 728 3229 ub
742 3181 821 3229 initio
833 3180 949 3229 feriatus
960 3179 1085 3229 habetur.
1100 3180 1164 3229 indo
1175 3180 1236 3230 dies
1247 3180 1311 3229 solis

167 3247 255 3310 prima
274 3246 345 3295 feria
364 3252 545 3311 nuncupatur,
566 3249 630 3312 quia
648 3250 751 3312 primns
765 3255 806 3296 est
820 3263 837 3296 a
855 3248 936 3310 feria,
956 3248 1023 3296 item
1041 3248 1122 3296 lunae
1142 3248 1257 3313 proinde
1269 3263 1311 3297 se·

167 3314 257 3363 cunda
277 3314 357 3375 feria,
376 3314 441 3378 quia
459 3315 596 3364 secundus
615 3322 657 3365 cst
676 3331 692 3364 a
712 3316 792 3364 teria.
828 3315 870 3364 sic
893 3320 921 3363 et
944 3316 1031 3364 ceteri
1055 3315 1114 3364 dies
1136 3315 1188 3365 tali
1213 3332 1247 3365 ex
1264 3330 1312 3364 nu·

167 3397 240 3429 mero
253 3387 427 3445 sumpserunt
439 3382 584 3432 uocabula.
599 3384 687 3447 apud
699 3383 777 3432 Rom
785 3398 866 3432 anos
884 3388 976 3431 utitem
989 3382 1022 3430 hi
1036 3383 1110 3432 dies
1179 3398 1312 3433 cursum

167 3463 265 3497 snum.
284 3449 426 3513 proinde
440 3454 551 3498 autern
565 3450 943 3514 gcutilcsexhisseptcm
1013 3450 1228 3500 tarditatem.
1247 3451 1312 3500 tulis

167 3517 267 3580 qnippe
286 3516 437 3581 gentilibus
455 3518 549 3566 extitit
565 3518 699 3576 stultitia,
729 3520 774 3583 qui
793 3519 847 3567 sibi
865 3517 1001 3566 tinxerunt
1020 3523 1076 3566 tam
1095 3518 1246 3568 ridiculosa
1264 3518 1311 3583 tig-

167 3582 278 3631 menta)
297 3584 417 3633 Isidorus
429 3584 517 3655 origg.
530 3586 554 3634 V
566 3583 609 3648 30,
622 3585 714 3635 5-8:
736 3587 813 3635 ‘Dies
826 3586 893 3634 dicti
907 3600 924 3633 a
936 3585 998 3647 diis,
1013 3601 1124 3650 quornm
1137 3588 1249 3637 nomina
1263 3587 1311 3636 llo·

108 3654 111 3661 '
166 3652 241 3699 mani
255 3651 417 3715 quibusdam
430 3652 566 3702 sideribus
580 3660 767 3703 sacrauerunt.
786 3655 902 3718 primum
915 3654 988 3701 enim
1001 3653 1071 3702 diem
1087 3669 1103 3702 n
1116 3653 1173 3703 sole
1188 3654 1311 3721 appella·

166 3723 266 3766 rrernut
283 3725 308 3766 et
327 3726 522 3784 quaererentur
539 3737 568 3768 ns
587 3738 617 3770 ue
629 3723 665 3770 nd
676 3720 826 3785 figmenta)
840 3747 873 3756 —-
885 3720 1042 3770 Herodotus
1061 3722 1088 3770 II
1106 3719 1152 3769 82:
1171 3719 1231 3772 Καὶ
1243 3716 1312 3772 τ’άδε

136 3816 139 3821 -
167 3776 239 3859 oilla
263 3780 446 3850 Αἰγυπτίοισί
467 3778 524 3837 ἐστι
549 3738 740 3854 ἐξευρημένα,
767 3786 830 3854 μείς
853 3803 883 3838 τε
910 3784 960 3837 καὶ
986 3779 1080 3852 ἡμέρη
1103 3778 1209 3855 ἑκάστη
1234 3788 1313 3841 θεῶν

168 3845 320 3904 οτευ·ἕστι’.
358 3854 465 3904 Gellius
483 3856 526 3904 Ill
547 3855 590 3920 lo,
612 3856 622 3905 l
644 3872 697 3921 sq.:
723 3857 775 3904 ‘nt
795 3857 881 3905 Varro
904 3857 933 3905 in
952 3857 1037 3920 primo
1055 3856 1186 3906 librorum
1206 3860 1253 3922 qul
1272 3858 1312 3906 in·

257 4053 264 4101 1
284 4049 331 4100 est
346 4060 457 4118 uesper
469 4045 496 4099 B
510 4038 523 4123 ΙΙ
541 4045 740 4101 conticiscere
754 4039 832 4100 A¹B¹
851 4039 863 4124 Η
879 4053 895 4103 2
915 4052 962 4101 est
976 4064 1029 4102 om.
1050 4038 1089 4101 B¹
1106 4038 1120 4124 ll
1135 4045 1316 4125 intempeste]

169 4129 198 4183 B
212 4122 226 4208 l}
242 4128 422 4204 inoportuna
437 4129 462 4182 A
476 4128 635 4204 inportuni
649 4130 677 4185 B
692 4123 705 4208 ss
719 4138 736 4189 3
748 4129 842 4185 nichil
861 4124 897 4185 Β1
913 4125 927 4207 Η
943 4127 1043 4205 gallus
1059 4124 1094 4184 Α1
1108 4130 1259 4206 gallorum
1277 4125 1314 4187 Α2

171 4207 184 4289 Η
201 4211 410 4289 ipronuncios
427 4214 451 4266 A
467 4214 698 4287 prenunciorum
712 4215 739 4269 B
753 4210 766 4292 Η
783 4214 993 4290 crepusculum
1011 4212 1072 4271 &A
1086 4206 1099 4293 ll
1116 4217 1315 4275 omatitinum

169 4299 194 4351 A
215 4292 228 4374 ll
249 4294 428 4353 absconsum
452 4290 487 4351 B¹
511 4290 523 4376 ΙΙ
546 4296 596 4354 die
611 4293 648 4354 Α1
664 4292 676 4378 ΙΙ
692 4307 710 4360 8
725 4296 896 4355 ebdomada
916 4293 987 4355 ΑΒ2
1007 4318 1060 4354 om.
1078 4295 1118 4354 B¹
1136 4295 1181 4380 ll9
1195 4320 1315 4359 cursum

169 4375 209 4434 B¹
226 4374 239 4459 ΙΙ
253 4380 385 4456 planitas
403 4375 439 4435 13¹
456 4376 469 4462 Η
488 4393 518 4443 10
536 4381 574 4439 ad
591 4379 728 4441 erraticis
744 4385 771 4439 B
785 4378 798 4463 ll
815 4382 992 4462 acciperunt
1012 4379 1050 4440 Β1
1073 4394 1260 4462 acceperunt
1277 4381 1316 4443 Β2
