2964 5002
182 334 222 396 66
487 350 492 361 ·
561 348 603 388 nr
627 346 713 389 vrars
734 344 949 387 ranvsranrvs
1017 375 1022 382 .

182 521 297 563 mocon
319 495 475 560 elenchon
500 502 572 558 octo
595 492 776 573 uolumina,
808 493 921 577 (quae)
945 512 1026 576 quos
1049 500 1082 553 et
1103 490 1192 553 unde
1213 512 1330 553 uersus

182 597 385 664 transtulerit
405 597 582 660 continent.
611 595 773 658 Asconius
789 592 955 655 Pedianus
977 590 1077 671 libro,
1101 613 1197 676 quem
1216 598 1331 654 contra

109 720 121 741 ·
184 701 417 764 obtrectatores
448 694 586 780 Vergilii
618 696 766 781 scripsit,
802 714 907 779 pauca
934 691 1109 756 admodum
1141 691 1271 756 obieeta
1301 692 1331 753 ei

184 801 336 887 proponit
364 819 467 883 eaque
494 797 581 859 circa
610 796 779 859 historiam
807 794 892 874 fere,
926 802 959 856 et
988 792 1073 878 quod
1103 793 1261 878 pleraque
1289 791 1331 854 ab

184 901 327 964 Homero
349 897 558 982 sumpsisset,
582 896 639 960 sed
660 896 721 959 hoc
742 896 848 980 ipsum
868 895 991 958 crimen
1012 895 1060 957 sie
1082 892 1259 957 defendere
1281 913 1352 954 ass

184 1010 312 1065 suetum
336 999 396 1062 ait:
438 1005 513 1060 ‘cur
536 1018 601 1060 non
623 995 673 1061 illi
697 1018 826 1082 quoque
856 995 969 1058 eadem
993 994 1081 1057 lurta
1108 993 1353 1080 temptarent?·

184 1123 297 1165 uerum
318 1097 541 1162 intellecturos
549 1146 558 1178 ,
581 1097 712 1160 facilius
737 1117 810 1161 esse
831 1095 968 1161 Herculi
993 1094 1121 1158 clauam
1144 1115 1243 1181 quem
1263 1093 1330 1158 Ho-

185 1225 273 1267 mero
299 1221 431 1264 uersum
458 1198 657 1284 subripere':
691 1206 724 1260 et
752 1206 862 1265 tamen
891 1197 1074 1273 destinasse
1101 1195 1270 1275 recedere,
1297 1203 1332 1257 ut

186 1303 295 1368 omnia
317 1300 359 1364 ad
384 1301 567 1364 satietatem
590 1298 823 1363 maleuolorum
847 1297 1023 1363 decideret.

272 1543 334 1606 tsq.
359 1540 544 1602 Hieronymus
562 1538 650 1604 praei.
670 1538 748 1588 hebr.
768 1544 874 1602 (quaest.
895 1538 924 1586 in
943 1537 1073 1586 Genesim
1091 1541 1156 1584 tom.
1176 1536 1220 1586 111
1238 1552 1263 1601 p.
1284 1533 1331 1584 301

186 1610 273 1660 Valla
312 1609 386 1657 ‘Hoc
405 1607 476 1656 idem
494 1622 592 1670 passus
611 1612 653 1656 est
672 1606 707 1655 ab
727 1605 844 1655 aemulis
869 1610 897 1655 et
915 1607 1084 1654 Mantuanus
1101 1609 1197 1666 nates,
1223 1610 1254 1652 ut
1273 1619 1334 1652 cum

187 1678 318 1743 quosdam
340 1689 436 1724 uersus
459 1674 572 1722 Homeri
596 1673 785 1722 transtulisset
809 1673 843 1722 ad
867 1673 995 1733 uerbum,
1022 1671 1186 1736 compilator
1208 1676 1334 1721 ueterum

187 1747 335 1795 diceretur.
373 1742 470 1805 quibus
489 1740 536 1788 ille
556 1741 712 1804 respondit,
738 1741 899 1805 magnarum
920 1755 981 1789 esse
1000 1740 1113 1802 uirium,
1135 1738 1245 1788 clauom
1263 1738 1334 1787 Her·

189 1813 244 1862 culi
263 1816 425 1874 extorquere
444 1808 477 1856 de
496 1806 602 1857 manu.'

198 1945 394 1958 .......—

276 2043 289 2093 1
316 2029 470 2087 uolumina
495 2026 604 2106 quihus
633 2037 794 2087 auriotatur
816 2048 892 2108 quos
919 2038 950 2088 et
968 2028 1049 2087 unde
1074 2047 1092 2096 ς
1116 2025 1129 2112 ΙΙ
1155 2048 1234 2109 quae
1258 2048 1335 2110 quos

187 2119 307 2189 scripsi:
336 2134 411 2193 quos
426 2114 481 2169 BR
497 2111 510 2190 ll
525 2122 542 2173 3
555 2113 582 2169 ei
601 2112 722 2171 obieeta
736 2114 821 2191 ponit
837 2132 934 2193 eaque
951 2136 969 2183 ς
982 2109 996 2194 ΙΙ
1010 2122 1027 2174 4
1042 2132 1079 2170 ea
1092 2134 1171 2194 quae
1187 2116 1213 2171 R
1229 2110 1243 2195 ΙΙ
1258 2127 1274 2176 5
1291 2115 1335 2190 ip·

189 2221 256 2260 surn
270 2219 322 2257 om.
342 2195 384 2274 ςΗ
400 2206 487 2259 finon
507 2197 552 2254 illi
566 2217 597 2265 3:
612 2198 750 2255 nonnulli
767 2200 820 2254 BR
836 2193 849 2279 ΙΙ
863 2207 1017 2257 tentarent
1033 2194 1076 2279 ςΙΙ
1092 2209 1110 2261 8
1126 2199 1277 2276 surripere
1290 2199 1317 2255 R
1327 2193 1336 2278 ll

189 2283 335 2344 recedere
350 2284 376 2338 R
393 2280 543 2340 decedere
559 2284 586 2337 B
603 2281 769 2341 defendere
786 2282 963 2351 §secedere
979 2285 1082 2342 Daniel
1097 2278 1110 2365 ΙΙ
1124 2293 1141 2346 9
1156 2285 1336 2342 sacietatem

190 2374 215 2427 R
231 2366 245 2450 ll
261 2368 442 2426 molinorum
458 2368 484 2423 R
499 2364 512 2445 l}
529 2365 685 2424 decideret
701 2369 747 2435 Βς
762 2366 948 2426 decederent
964 2368 1154 2428 Rreeideret
1172 2372 1245 2426 coni.
1264 2370 1336 2425 Gro-

190 2459 289 2513 novius
310 2448 323 2532 ΙΙ
346 2450 512 2510 decideret.
534 2452 630 2508 refert
650 2452 741 2509 etiarn
762 2451 917 2510 Pedianus
939 2451 1103 2528 benignum
1127 2453 1336 2530 cultoremque

191 2539 322 2597 omnium
337 2535 483 2594 bonorum
500 2545 592 2614 atque
609 2534 794 2593 eruditorum
816 2537 912 2594 fuisse
937 2546 968 2595 et
985 2555 1082 2617 usque
1104 2537 1181 2596 adeo
1202 2536 1336 2594 inuidiae

191 2632 364 2702 expertem,
381 2628 415 2678 ut
430 2620 455 2678 si
475 2620 548 2698 quid
564 2619 681 2678 erudite
703 2619 816 2678 dietum
832 2621 997 2699 inspiceret
1015 2623 1139 2682 alterius
1158 2642 1219 2680 non
1239 2623 1337 2680 minus

191 2707 339 2785 gauderet
359 2725 395 2762 ae
415 2706 439 2762 si
457 2723 544 2762 suum
566 2704 688 2762 luisset:
707 2706 857 2762 neminem
876 2706 1066 2783 uituperare,
1087 2707 1214 2765 laudare
1230 2707 1336 2776 bonos,

192 2813 229 2850 ea
248 2790 437 2848 humanitate
462 2807 529 2846 csse
551 2797 592 2844 ut.
605 2788 663 2845 nisi
681 2809 843 2866 peruersus
866 2791 995 2848 inaximo
1018 2792 1147 2870 quisque
1169 2791 1255 2849 illum
1277 2811 1337 2848 non

192 2876 333 2950 diligeret
356 2872 444 2929 modo
467 2870 522 2930 sed
546 2881 670 2935 amaret.
702 2872 776 2930 nihil
792 2874 907 2952 proprii
927 2873 1041 2934 habere
1062 2875 1233 2934 uidebatur.
1273 2877 1338 2932 eius

191 2957 376 3016 bibliotheca
391 2977 451 3014 non
470 2957 569 3013 miuus
586 2956 653 3014 aliis
670 2957 767 3015 doctis
783 2957 910 3035 patebat
925 2977 1015 3037 quam
1035 2959 1106 3033 sibi,
1123 2960 1261 3038 illudque
1277 2961 1338 3017 Eu·

192 3040 297 3119 ripidis
320 3041 475 3120 antiquum
494 3061 588 3119 saepe
609 3041 775 3120 usurpabat
796 3031 832 3100 rei
855 3037 1146 3117 senpiternam,
1169 3044 1339 3102 eommunia

193 3127 357 3184 amicorum
381 3145 449 3184 esse
467 3126 573 3183 omnia.
600 3147 694 3205 quare
714 3147 845 3186 eoacuos
864 3147 967 3188 omnes
986 3138 1093 3207 poetas
1115 3131 1157 3189 ita
1179 3128 1338 3186 adiunctos

192 3209 312 3280 hahuit,
336 3218 370 3266 ut
398 3229 464 3268 cum
493 3211 571 3268 inter
597 3230 631 3268 se
654 3211 815 3289 plurimum
842 3211 959 3270 inuidia
987 3212 1144 3279 arderent,
1170 3213 1256 3270 illum
1278 3232 1339 3270 una

194 3315 298 3353 omnes
315 3293 463 3352 colerent:
488 3294 598 3353 Varius
613 3295 720 3354 Tucca
737 3297 882 3355 Horatius
898 3295 1007 3356 Gallus
1021 3299 1207 3376 Propertius.
1238 3298 1340 3356 Anser

150 3407 167 3428 c
192 3399 265 3438 uero
283 3379 423 3456 quoniam
433 3377 559 3436 Antonii
574 3387 676 3457 partes
694 3389 817 3440 secutus
833 3390 880 3440 est
891 3380 975 3440 illum
991 3403 1052 3440 non
1068 3382 1249 3443 obseruasso
1267 3381 1338 3441 dici·

193 3472 249 3521 tur.
274 3462 460 3528 ,Cornificius
472 3461 510 3520 ob
525 3483 701 3541 peruersam
714 3473 851 3524 naturam
864 3465 949 3523 illum
960 3487 1020 3526 non
1034 3468 1112 3526 tulit.
1134 3467 1251 3544 gloriae
1266 3485 1338 3524 uero

195 3548 271 3605 adeo
290 3555 478 3624 contemptor
496 3547 565 3618 fuit,
587 3557 620 3606 nt
643 3568 709 3606 eum
731 3550 854 3629 quidam
870 3571 976 3609 uersus
999 3551 1147 3631 quosdam
1165 3550 1222 3610 sibi
1247 3551 1338 3608 ascri·

193 3631 301 3690 herent
318 3629 485 3710 eademque
501 3651 534 3689 re
547 3632 627 3691 (loeti
643 3632 838 3707 haberentur,
850 3655 911 3693 non
925 3636 1014 3694 morlo
1029 3656 1121 3714 aegre
1136 3656 1197 3693 non
1209 3635 1339 3706 ferebat,

188 3717 282 3794 ,immo
299 3714 510 3792 uoluptuosum
528 3716 632 3775 insiti
653 3727 725 3776 erat.
757 3721 919 3778 cumcuim
935 3720 1100 3793 distichon,
1121 3718 1202 3799 quod
1218 3719 1340 3778 laudem

195 3800 434 3877 felicitatemque
463 3801 600 3876 Augusti.
619 3802 811 3874 continebat,
835 3806 962 3864 fecisset
983 3806 1143 3884 ualuisque
1162 3824 1225 3863 non
1246 3805 1339 3862 norni-

194 3892 266 3942 nato
282 3893 404 3942 auctore
423 3883 586 3957 infixisset,
607 3885 637 3944 id
654 3895 718 3945 erat
731 3887 919 3947 huiusmodi:

392 3995 481 4043 nocte
496 3985 572 4063 pluit
590 3995 667 4045 tota:
685 3987 813 4046 redeunt
829 3990 1006 4068 spectacula
1021 4010 1126 4049 mane:

434 4070 562 4127 diuisum
579 4071 734 4150 imperium
751 4093 817 4131 cum
834 4075 909 4133 Ioue
925 4074 1040 4134 Caesar
1058 4074 1166 4148 habet,

196 4169 248 4227 diu
265 4172 439 4249 quaeritans
457 4172 629 4245 Augustus,
647 4174 803 4231 cuiusnam
818 4174 848 4232 hi
861 4194 968 4234 uersus
984 4184 1102 4248 essent,
1120 4196 1223 4234 eorum
1238 4186 1340 4234 aucto·

196 4273 259 4310 rem
274 4276 334 4312 non
350 4254 533 4313 inueniebat.
560 4257 721 4335 Bathyllus
736 4275 809 4316 uero
822 4268 913 4337 poeta
925 4259 1048 4337 quidam
1060 4253 1222 4319 mediocris
1239 4270 1340 4336 tacen-

197 4335 276 4393 tibus
288 4340 355 4396 aliis
368 4339 425 4397 sibi
441 4340 589 4417 ascripsit.
623 4340 818 4419 quamobrem
838 4342 967 4403 donatus
983 4345 1211 4426 honoratusque
1231 4346 1341 4404 aan·
