2964 5002
160 340 221 402 346
442 350 636 391 curunonvn
659 351 825 390 mnnouvn
848 347 1022 398 auctorata

157 499 365 586 pyrrbiebam
388 497 555 584 appellant
575 513 682 559 raom
701 505 851 578 uocatur,
878 497 970 560 cuius
986 497 1147 581 originem
1170 519 1303 586 expres·

159 603 202 666 sit
224 602 257 664 in
276 599 359 664 libro
382 599 422 662 do
444 619 617 683 puerorum
639 597 774 663 lusibus.

83 798 160 867 198,
244 804 296 867 Ita
318 803 410 890 pueri
433 811 602 865 carmentes
625 803 733 865 aiunt:
775 809 930 888 ‘occupet
951 801 1078 867 scabies
1101 805 1135 866 in
1156 814 1303 869 extremo

161 910 404 980 remanentem!
435 919 578 967 scamus
602 901 697 966 ludus
714 925 888 989 puerorum
908 915 972 986 est,
996 915 1033 969 ut
1052 905 1155 973 babes
1175 908 1208 971 in
1225 909 1303 971 Sue·

160 1009 248 1074 tenio
271 1004 474 1094 Tranquillo.

299 1486 372 1566 rin
401 1460 786 1566 lusruv'nonn
816 1486 1158 1566 onurctonvn

78 1695 148 1766 199
245 1704 329 1765 l'nei·
356 1702 463 1787 pueri]
487 1701 590 1764 Cuius
610 1701 805 1763 femininum
834 1725 935 1788 puera
963 1702 1116 1766 dicebant
1143 1706 1303 1790 antiquis·

159 1807 250 1888 simi,
279 1803 364 1868 uuile
392 1810 425 1865 et
454 1823 614 1890 puerpera
643 1801 780 1884 dicitur,
814 1825 898 1892 quae
926 1825 1062 1891 puerum
1085 1805 1138 1868 uel
1168 1827 1304 1891 pueram

160 2045 230 2111 qiiorl
248 2043 370 2094 scholion
385 2049 455 2093 teste
468 2043 584 2093 'Philone
599 2045 627 2094 iu
645 2045 703 2093 cod.
718 2045 876 2095 Florentino
889 2047 921 2095 B.
935 2044 961 2095 S.
976 2045 1019 2094 Cr.
1034 2045 1074 2094 Pl.
1089 2047 1170 2095 xxn
1187 2046 1208 2105 l,
1224 2063 1302 2111 quem

159 2115 246 2163 solnm
272 2113 298 2160 in
322 2111 374 2160 boc
393 2112 462 2162 libro
486 2112 617 2175 eontulit,
641 2128 695 2161 non
719 2120 804 2171 extat.
841 2113 952 2163 Servius
969 2115 1037 2164 Aen.
1063 2115 1083 2160 V
1108 2114 1173 2163 550:
1203 2115 1303 2170 Pressa

161 2177 272 2244 corona]
300 2180 325 2227 ‘i.
353 2195 376 2228 e.
401 2179 492 2242 galea,
517 2184 544 2229 et
570 2196 695 2230 sermone
719 2181 829 2229 Homeri
854 2195 918 2230 ustas
944 2185 993 2230 est
1030 2197 1094 2230 narn
1112 2181 1226 2245 galeam
1245 2176 1302 2233 στέ-

160 2264 255 2313 φανον
273 2248 351 2296 ‹lixia
388 2254 416 2295 et
435 2264 463 2295 ro
482 2264 548 2296 atera
567 2264 666 2297 corona
680 2265 732 2299 uon
745 2255 836 2314 potest
855 2248 982 2314 intelligi,
1003 2264 1062 2298 eum
1081 2256 1228 2314 sequatur:
1249 2251 1303 2300 Ga·

160 2317 231 2366 leam
255 2320 319 2364 istite
344 2315 428 2379 pedes
447 2317 563 2380 proiecit
580 2317 701 2365 inaltant.
731 2316 780 2365 aed
797 2316 849 2380 alii
865 2317 976 2377 dieunt,
998 2317 1186 2380 potuissesos
1205 2319 1303 2381 galeas

159 2385 263 2433 habere
277 2387 431 2431 coronatas.
464 2384 584 2432 Baebius
603 2389 695 2433 tamen
708 2382 803 2432 Macer
821 2383 902 2444 dicit,
922 2400 939 2433 a
957 2384 1078 2434 Caesare
1091 2384 1217 2448 linguato
1238 2401 1302 2450 pue-

160 2454 198 2500 ris
217 2453 262 2516 qui
281 2449 405 2499 luserunt
422 2451 532 2500 'l'roiam
551 2451 667 2501 doristus
687 2467 747 2500 esse
766 2451 863 2516 galeas
882 2456 911 2500 ot
933 2451 999 2500 bina
1017 2451 1139 2501 hastilia.
1177 2452 1213 2501 ad
1233 2455 1303 2518 qtlotl

160 2519 306 2583 Virgilium
326 2523 434 2568 constat
453 2517 603 2568 adludere)
640 2519 677 2568 ef.
697 2518 841 2567 Suetonius
860 2519 929 2583 Aug.
949 2517 990 2567 43.

250 2583 297 2639 11:ss
315 2586 404 2635 Aaron
422 2587 487 2635 ilar,
513 2592 563 2634 att.
592 2593 665 2651 poet.
689 2586 751 2634 417:
777 2590 902 2650 Occupet
924 2593 1073 2635 extremum
1092 2586 1219 2652 scabies]
1241 2588 1302 2638 ‘Ille

161 2657 283 2720 patiatur
301 2654 437 2713 scabiem,
462 2655 507 2717 qni
527 2659 662 2703 extreruas
681 2659 824 2718 componet
847 2669 952 2703 uersus.
989 2654 1192 2719 metaplasticos
1211 2663 1302 2705 atatem

161 2727 266 2775 locutus
286 2727 327 2770 est
346 2738 361 2768 a
381 2720 443 2768 ludo
467 2737 617 2785 puerorum.
655 2723 704 2769 ita
728 2723 800 2770 enim
825 2722 919 2785 pilioni
939 2731 1118 2771 currentes
1196 2741 1302 2773 reina-

160 2797 303 2840 nentem.
340 2788 366 2835 iil
385 2795 439 2836 est:
462 2806 512 2852 ego
531 2795 613 2853 poeta
632 2805 701 2845 sitiri,
721 2788 825 2836 habeat
843 2789 1052 2853 scabiem-(pri
1076 2806 1128 2838 nou
1150 2797 1192 2839 test
1211 2799 1303 2854 poeta.

161 2861 211 2908 hoc
232 2873 295 2918 ergo
314 2872 430 2919 porsena
449 2856 554 2905 illorum
573 2857 656 2917 (lixit,
676 2859 721 2920 qui
735 2856 863 2905 iliomulo:
884 2858 1007 2905 cartaina
1019 2859 1120 2905 selinus
1140 2859 1244 2917 facero,
1265 2861 1302 2908 ni·

160 2925 198 2974 hil
227 2926 331 2982 sciunt,
363 2923 458 2971 uiuunt
485 2931 575 2972 tannen
599 2942 627 2972 se
653 2925 805 2972 existimari
829 2930 934 2988 poetas.
976 2925 1115 2973 scabies
1145 2926 1246 2975 lullus

160 2989 381 3054 'l'runquillo’
419 2991 569 3055 l‘orpliyrio
594 2993 620 3039 in
646 2992 671 3040 n.
696 2992 728 3039 l.:
759 2993 884 3056 Occupet
908 2999 1056 3040 extremum
1081 2991 1205 3058 scabies}
1229 2997 1303 3043 ‘lloc

162 3077 194 3108 ex
214 3059 276 3106 ludo
295 3074 436 3123 puerorum
456 3059 577 3117 sustulit,
604 3061 648 3122 qui
668 3059 794 3107 ludentes
818 3059 908 3107 solent
926 3060 1031 3108 elicere:
1056 3060 1186 3124 Quisquis
1206 3062 1242 3111 ail
1262 3081 1303 3111 me

163 3127 325 3176 nouissimus
342 3127 464 3186 uenerit,
492 3127 596 3176 lrabeat
613 3125 754 3175 scabiem'
792 3127 1146 3191 (¹onnn.l¹ruq.in.l1.l.:
1177 3129 1305 3194 Occupet

164 3202 248 3243 extat.
268 3191 338 3257 sca]
361 3194 414 3243 ‘Me
433 3199 582 3243 extremum
602 3201 710 3257 [iactam
730 3210 790 3242 esse
810 3194 876 3242 milri
896 3199 972 3259 turpe
993 3201 1042 3243 est.
1080 3201 1123 3243 est
1142 3204 1235 3245 autem
1256 3200 1303 3246 im·

160 3261 283 3327 precatio
303 3267 393 3310 tracta
412 3278 428 3310 a
447 3261 509 3310 ludo
529 3261 636 3326 puerili.
673 3262 718 3325 qui
738 3263 810 3310 euim
829 3270 940 3325 praeest
959 3263 1131 3311 current-ibus
1152 3264 1186 3312 ml
1201 3271 1304 3313 ratetum

159 3330 264 3394 pueris,
285 3329 377 3378 <licere
402 3330 485 3378 solet:
511 3331 564 3390 Qui
588 3331 691 3394 primus
716 3330 749 3378 ad
769 3335 868 3377 metron
888 3330 1004 3390 uenerit,
1026 3330 1048 3377 is
1067 3331 1167 3379 uicerit
1186 3346 1304 3396 cumque

160 3399 188 3446 in
207 3398 285 3445 ulnas
304 3413 379 3446 ineas
399 3397 549 3461 accipiam,
574 3399 619 3461 qui
644 3413 709 3446 uero
734 3401 786 3446 erit
810 3396 934 3455 ultimus,
959 3403 1075 3462 occupet
1099 3414 1159 3446 etun
1179 3401 1304 3463 scabies,

161 3481 220 3514 cum
241 3481 366 3526 respuam
385 3473 415 3512 ut
433 3463 606 3514 scabiosum!
1123 3470 1128 3477 '
1260 3492 1261 3496 =

248 3530 294 3584 199
314 3533 473 3581 Priscianus
497 3533 560 3580 inst.
584 3548 696 3595 gramm.
721 3533 757 3580 vl
781 3531 812 3579 ll
837 3549 876 3595 sq.
901 3549 925 3596 p.
944 3531 994 3580 ⁴230
1012 3547 1084 3596 sipp:
1111 3533 1190 3597 ‘puer
1215 3535 1304 3598 pueri’

160 3618 183 3648 e.
204 3618 228 3664 q.
249 3617 270 3648 s.
292 3629 322 3635 -
359 3601 506 3648 Suetonius
525 3601 614 3661 Catio.
637 3601 665 3647 s:
691 3600 732 3647 ι(ἵ.
751 3600 856 3648 Cacsar
879 3607 959 3648 iratus
983 3604 1024 3648 est
1048 3601 1134 3664 priilie
1162 3602 1205 3649 lil.
1227 3603 1303 3666 Sept

160 3674 236 3733 pistre
256 3685 303 3717 suo
323 3674 351 3715 et
369 3669 398 3716 C.
419 3669 532 3716 Fonteio
552 3668 686 3731 Capitone
710 3685 779 3716 laiss.
817 3668 863 3716 ubi
883 3675 964 3716 rinttrs
983 3669 1032 3726 sit,
1058 3669 1193 3716 incertum
1213 3670 1304 3718 diuor-

159 3737 227 3785 sitas
247 3736 412 3785 tradentium
432 3735 509 3784 lacit.
546 3735 594 3785 Cn.
615 3735 748 3784 Lerrtulus
762 3735 924 3785 (litetulicus
937 3735 1033 3784 'l'iburi
1053 3735 1176 3798 genitum
1196 3739 1303 3797 scribit,

160 3865 360 3874 -..—---

248 3953 255 4001 t
282 3939 439 4017 appellant
456 3945 551 4014 arripe:
581 3940 748 4018 appellauit
765 3942 870 3996 Darae!
889 3935 903 4016 ll
925 3943 1070 3997 Prisciani
1087 3943 1154 3996 libri
1174 3943 1206 3997 iri
1221 3952 1305 3998 stetu:

160 4029 350 4097 R=chias
369 4032 458 4096 7496,
476 4030 546 4081 P:
553 4029 660 4098 Repi'os
680 4032 771 4093 7530,
792 4028 819 4079 B
831 4049 873 4073 τ.-
889 4028 1122 4098 Βαηιὺσνρεηεῖε,
1144 4027 1221 4080 Il:
1233 4030 1305 4082 Bar-

159 4115 270 4176 raeticis,
293 4111 372 4164 H:
387 4113 664 4174 Halterstadicasb,
690 4115 712 4166 A
720 4134 763 4159 =
778 4114 954 4167 [liniciieasis
970 4153 976 4178 ,
1012 4114 1034 4165 G
1043 4135 1081 4160 :2
1094 4112 1304 4182 Sriiipallcnsis,

159 4196 401 4263 L=Loatoais,
419 4197 448 4250 Ι(
455 4223 492 4245 s.
504 4197 745 4264 CuroiiiulzensiS,
768 4197 930 4269 rplalliopllt
942 4220 984 4244 =
999 4198 1125 4251 corticum
1142 4215 1246 4252 maniis
1262 4201 1303 4252 al·

159 4290 247 4341 ierac,
271 4274 284 4357 ll
306 4283 320 4337 7
345 4278 518 4336 l'emininum
536 4280 565 4336 iu
590 4300 607 4335 a
629 4270 723 4357 puero
740 4283 788 4336 GL
805 4275 817 4360 ll
832 4291 849 4340 ts
867 4289 896 4336 et
911 4297 1058 4352 superscr.
1071 4299 1087 4333 r
1101 4273 1115 4357 Η
1131 4299 1212 4358 quae
1231 4301 1303 4359 pue·

159 4383 223 4418 rum
237 4381 294 4441 que
315 4380 444 4441 puerum
461 4364 510 4420 uel
528 4366 553 4420 a
561 4384 577 4418 r
