<?xml version="1.0" encoding="UTF-8"?>
<!DOCTYPE html PUBLIC "-//W3C//DTD XHTML 1.0 Transitional//EN"
    "http://www.w3.org/TR/xhtml1/DTD/xhtml1-transitional.dtd">
<html xmlns="http://www.w3.org/1999/xhtml" xml:lang="en" lang="en">
 <head>
  <title>
</title>
<meta http-equiv="Content-Type" content="text/html;charset=utf-8" />
  <meta name='ocr-system' content='tesseract 3.04.00' />
  <meta name='ocr-capabilities' content='ocr_page ocr_carea ocr_par ocr_line ocrx_word'/>
</head>
<body>
  <div class='ocr_page' id='page_1' title='image "./csvetonitranqvi00ritsgoog_0095.png"; bbox 0 0 2964 5002; ppageno 0'>
   <div class='ocr_carea' id='block_1_1' title="bbox 612 365 1003 411">
    <p class='ocr_par' dir='ltr' id='par_1_1' title="bbox 612 365 1003 411">
     <span class='ocr_line' id='line_1_1' title="bbox 612 365 1003 411; baseline -0.01 0"><span class='ocrx_word' id='word_1_1' title='bbox 612 368 654 411; x_wconf 82' lang='lat' dir='ltr'>DE</span> <span class='ocrx_word' id='word_1_2' title='bbox 677 368 764 411; x_wconf 81' lang='lat' dir='ltr'>VIRIS</span> <span class='ocrx_word' id='word_1_3' title='bbox 789 365 1003 410; x_wconf 77' lang='lat' dir='ltr'>InLvsralnvs</span> 
     </span>
    </p>
   </div>
   <div class='ocr_carea' id='block_1_2' title="bbox 277 589 1308 885">
    <p class='ocr_par' dir='ltr' id='par_1_2' title="bbox 277 589 1308 885">
     <span class='ocr_line' id='line_1_2' title="bbox 739 589 881 648; baseline -0.007 0"><span class='ocrx_word' id='word_1_4' title='bbox 739 589 834 648; x_wconf 90' lang='lat' dir='ltr'>XXV</span> <span class='ocrx_word' id='word_1_5' title='bbox 856 608 881 647; x_wconf 86' lang='lat' dir='ltr'>c.</span> 
     </span>
     <span class='ocr_line' id='line_1_3' title="bbox 621 704 999 778; baseline -0.003 -15"><span class='ocrx_word' id='word_1_6' title='bbox 621 718 734 764; x_wconf 75' lang='lat' dir='ltr'>v1ra</span> <span class='ocrx_word' id='word_1_7' title='bbox 760 704 999 778; x_wconf 46' lang='lat' dir='ltr'>,vanorum</span> 
     </span>
     <span class='ocr_line' id='line_1_4' title="bbox 277 809 1308 885; baseline -0.007 0"><span class='ocrx_word' id='word_1_8' title='bbox 277 825 282 833; x_wconf 90' lang='lat'>&#39;</span> <span class='ocrx_word' id='word_1_9' title='bbox 321 841 343 885; x_wconf 74' lang='lat' dir='ltr'>n</span> <span class='ocrx_word' id='word_1_10' title='bbox 367 837 457 885; x_wconf 77' lang='lat' dir='ltr'>roca</span> <span class='ocrx_word' id='word_1_11' title='bbox 481 836 714 883; x_wconf 77' lang='lat' dir='ltr'>aauunnrreo</span> <span class='ocrx_word' id='word_1_12' title='bbox 738 834 839 882; x_wconf 82' lang='lat' dir='ltr'>varus</span> <span class='ocrx_word' id='word_1_13' title='bbox 861 833 983 881; x_wconf 76' lang='lat' dir='ltr'>nonna</span> <span class='ocrx_word' id='word_1_14' title='bbox 1005 831 1175 879; x_wconf 83' lang='lat' dir='ltr'>vaasmvs</span> <span class='ocrx_word' id='word_1_15' title='bbox 1196 809 1308 879; x_wconf 72' lang='lat' dir='ltr'>amru</span> 
     </span>
    </p>
   </div>
   <div class='ocr_carea' id='block_1_3' title="bbox 326 952 1213 1243">
    <p class='ocr_par' dir='ltr' id='par_1_3' title="bbox 326 952 1213 1243">
     <span class='ocr_line' id='line_1_5' title="bbox 326 952 1213 1042; baseline -0.007 -22"><span class='ocrx_word' id='word_1_16' title='bbox 326 957 468 1021; x_wconf 87' lang='lat' dir='ltr'>Maeonii</span> <span class='ocrx_word' id='word_1_17' title='bbox 490 957 656 1042; x_wconf 85' lang='lat' dir='ltr'>specimen</span> <span class='ocrx_word' id='word_1_18' title='bbox 678 957 763 1019; x_wconf 90' lang='lat' dir='ltr'>uatis</span> <span class='ocrx_word' id='word_1_19' title='bbox 786 953 976 1018; x_wconf 86' lang='lat' dir='ltr'>ueneranda</span> <span class='ocrx_word' id='word_1_20' title='bbox 996 952 1164 1016; x_wconf 88' lang='lat' dir='ltr'>Maronem</span> <span class='ocrx_word' id='word_1_21' title='bbox 1211 997 1213 1001; x_wconf 27' lang='grc' dir='ltr'><strong><em>ι</em></strong></span> 
     </span>
     <span class='ocr_line' id='line_1_6' title="bbox 327 1053 1173 1141; baseline -0.009 -22"><span class='ocrx_word' id='word_1_22' title='bbox 327 1056 462 1120; x_wconf 81' lang='lat' dir='ltr'>Mantua</span> <span class='ocrx_word' id='word_1_23' title='bbox 484 1055 662 1120; x_wconf 76' lang='lat' dir='ltr'>Romuleae</span> <span class='ocrx_word' id='word_1_24' title='bbox 684 1057 854 1141; x_wconf 85' lang='lat' dir='ltr'>generauit</span> <span class='ocrx_word' id='word_1_25' title='bbox 875 1053 1011 1118; x_wconf 89' lang='lat' dir='ltr'>flumina</span> <span class='ocrx_word' id='word_1_26' title='bbox 1031 1055 1173 1138; x_wconf 83' lang='lat' dir='ltr'>linguae.</span> 
     </span>
     <span class='ocr_line' id='line_1_7' title="bbox 328 1154 1146 1243; baseline -0.004 -24"><span class='ocrx_word' id='word_1_27' title='bbox 328 1159 401 1243; x_wconf 88' lang='lat' dir='ltr'>quis</span> <span class='ocrx_word' id='word_1_28' title='bbox 423 1156 565 1220; x_wconf 86' lang='lat' dir='ltr'>facunda</span> <span class='ocrx_word' id='word_1_29' title='bbox 588 1167 660 1222; x_wconf 86' lang='lat' dir='ltr'>tuos</span> <span class='ocrx_word' id='word_1_30' title='bbox 683 1156 837 1221; x_wconf 83' lang='lat' dir='ltr'>toleraret</span> <span class='ocrx_word' id='word_1_31' title='bbox 859 1154 1001 1220; x_wconf 80' lang='lat' dir='ltr'>Graecia</span> <span class='ocrx_word' id='word_1_32' title='bbox 1024 1155 1146 1237; x_wconf 84' lang='lat' dir='ltr'>fastus,</span> 
     </span>
    </p>
   </div>
   <div class='ocr_carea' id='block_1_4' title="bbox 243 1327 1472 4448">
    <p class='ocr_par' dir='ltr' id='par_1_4' title="bbox 243 1327 1472 4110">
     <span class='ocr_line' id='line_1_8' title="bbox 244 1327 1391 1407; baseline -0.006 -17"><span class='ocrx_word' id='word_1_33' title='bbox 244 1331 346 1390; x_wconf 89' lang='lat' dir='ltr'>diente</span> <span class='ocrx_word' id='word_1_34' title='bbox 369 1331 521 1407; x_wconf 77' lang='lat' dir='ltr'>elinguem</span> <span class='ocrx_word' id='word_1_35' title='bbox 542 1332 627 1392; x_wconf 89' lang='lat' dir='ltr'>illum</span> <span class='ocrx_word' id='word_1_36' title='bbox 651 1332 768 1390; x_wconf 88' lang='lat' dir='ltr'>diceret</span> <span class='ocrx_word' id='word_1_37' title='bbox 789 1341 820 1389; x_wconf 94' lang='lat' dir='ltr'>et</span> <span class='ocrx_word' id='word_1_38' title='bbox 841 1350 965 1390; x_wconf 85' lang='lat' dir='ltr'>causam</span> <span class='ocrx_word' id='word_1_39' title='bbox 989 1332 1082 1389; x_wconf 89' lang='lat' dir='ltr'>etiam</span> <span class='ocrx_word' id='word_1_40' title='bbox 1101 1347 1187 1386; x_wconf 84' lang='lat' dir='ltr'>suam</span> <span class='ocrx_word' id='word_1_41' title='bbox 1211 1328 1237 1384; x_wconf 89' lang='lat' dir='ltr'>si</span> <span class='ocrx_word' id='word_1_42' title='bbox 1254 1327 1391 1403; x_wconf 85' lang='lat' dir='ltr'>linguam</span> 
     </span>
     <span class='ocr_line' id='line_1_9' title="bbox 243 1412 1391 1496; baseline -0.006 -22"><span class='ocrx_word' id='word_1_43' title='bbox 243 1415 372 1474; x_wconf 84' lang='lat' dir='ltr'>haberet</span> <span class='ocrx_word' id='word_1_44' title='bbox 385 1415 552 1475; x_wconf 78' lang='lat' dir='ltr'>defendere</span> <span class='ocrx_word' id='word_1_45' title='bbox 567 1418 722 1496; x_wconf 88' lang='lat' dir='ltr'>nequiret:</span> <span class='ocrx_word' id='word_1_46' title='bbox 743 1417 853 1488; x_wconf 78' lang='lat' dir='ltr'>‘tace,&#39;</span> <span class='ocrx_word' id='word_1_47' title='bbox 875 1415 989 1495; x_wconf 85' lang='lat' dir='ltr'>inquit,</span> <span class='ocrx_word' id='word_1_48' title='bbox 1006 1412 1134 1472; x_wconf 77' lang='lat' dir='ltr'>‘rabula</span> <span class='ocrx_word' id='word_1_49' title='bbox 1150 1432 1221 1470; x_wconf 88' lang='lat' dir='ltr'>nam</span> <span class='ocrx_word' id='word_1_50' title='bbox 1233 1412 1311 1469; x_wconf 87' lang='lat' dir='ltr'>haee</span> <span class='ocrx_word' id='word_1_51' title='bbox 1324 1431 1391 1468; x_wconf 85' lang='lat' dir='ltr'>mea</span> 
     </span>
     <span class='ocr_line' id='line_1_10' title="bbox 243 1496 1390 1574; baseline -0.004 -16"><span class='ocrx_word' id='word_1_52' title='bbox 243 1498 434 1558; x_wconf 79' lang='lat' dir='ltr'>taciturnitas</span> <span class='ocrx_word' id='word_1_53' title='bbox 459 1500 652 1560; x_wconf 88' lang='lat' dir='ltr'>defensorem</span> <span class='ocrx_word' id='word_1_54' title='bbox 670 1520 830 1559; x_wconf 84' lang='lat' dir='ltr'>causarum</span> <span class='ocrx_word' id='word_1_55' title='bbox 852 1520 987 1559; x_wconf 86' lang='lat' dir='ltr'>mearum</span> <span class='ocrx_word' id='word_1_56' title='bbox 998 1498 1170 1574; x_wconf 82' lang='lat' dir='ltr'>Augustum</span> <span class='ocrx_word' id='word_1_57' title='bbox 1186 1497 1260 1554; x_wconf 86' lang='lat' dir='ltr'>fecit</span> <span class='ocrx_word' id='word_1_58' title='bbox 1279 1503 1309 1554; x_wconf 89' lang='lat' dir='ltr'>et</span> <span class='ocrx_word' id='word_1_59' title='bbox 1326 1496 1390 1554; x_wconf 88' lang='lat' dir='ltr'>Me-</span> 
     </span>
     <span class='ocr_line' id='line_1_11' title="bbox 244 1579 1392 1664; baseline -0.005 -22"><span class='ocrx_word' id='word_1_60' title='bbox 244 1593 402 1642; x_wconf 87' lang='lat' dir='ltr'>coenatem</span> <span class='ocrx_word' id='word_1_61' title='bbox 419 1593 449 1642; x_wconf 88' lang='lat' dir='ltr'>et</span> <span class='ocrx_word' id='word_1_62' title='bbox 471 1606 508 1644; x_wconf 91' lang='lat' dir='ltr'>ca</span> <span class='ocrx_word' id='word_1_63' title='bbox 525 1585 598 1645; x_wconf 87' lang='lat' dir='ltr'>tuba</span> <span class='ocrx_word' id='word_1_64' title='bbox 621 1607 687 1644; x_wconf 91' lang='lat' dir='ltr'>cum</span> <span class='ocrx_word' id='word_1_65' title='bbox 705 1586 776 1644; x_wconf 91' lang='lat' dir='ltr'>uolo</span> <span class='ocrx_word' id='word_1_66' title='bbox 800 1585 918 1664; x_wconf 87' lang='lat' dir='ltr'>loquor.</span> <span class='ocrx_word' id='word_1_67' title='bbox 931 1603 1011 1664; x_wconf 87' lang='lat' dir='ltr'>quae</span> <span class='ocrx_word' id='word_1_68' title='bbox 1029 1583 1142 1662; x_wconf 91' lang='lat' dir='ltr'>ubique</span> <span class='ocrx_word' id='word_1_69' title='bbox 1166 1591 1196 1638; x_wconf 92' lang='lat' dir='ltr'>et</span> <span class='ocrx_word' id='word_1_70' title='bbox 1221 1579 1392 1639; x_wconf 85' lang='lat' dir='ltr'>diutissime</span> 
     </span>
     <span class='ocr_line' id='line_1_12' title="bbox 244 1664 1391 1749; baseline -0.004 -23"><span class='ocrx_word' id='word_1_71' title='bbox 244 1669 393 1727; x_wconf 90' lang='lat' dir='ltr'>audietur.</span> <span class='ocrx_word' id='word_1_72' title='bbox 410 1680 441 1726; x_wconf 87' lang='lat' dir='ltr'>tu</span> <span class='ocrx_word' id='word_1_73' title='bbox 457 1669 644 1749; x_wconf 83' lang='lat' dir='ltr'>loquacitate</span> <span class='ocrx_word' id='word_1_74' title='bbox 656 1691 715 1727; x_wconf 91' lang='lat' dir='ltr'>non</span> <span class='ocrx_word' id='word_1_75' title='bbox 730 1669 817 1727; x_wconf 89' lang='lat' dir='ltr'>modo</span> <span class='ocrx_word' id='word_1_76' title='bbox 831 1689 920 1727; x_wconf 89' lang='lat' dir='ltr'>aures</span> <span class='ocrx_word' id='word_1_77' title='bbox 931 1668 1101 1736; x_wconf 86' lang='lat' dir='ltr'>hominum,</span> <span class='ocrx_word' id='word_1_78' title='bbox 1126 1664 1181 1724; x_wconf 91' lang='lat' dir='ltr'>sed</span> <span class='ocrx_word' id='word_1_79' title='bbox 1194 1684 1295 1723; x_wconf 86' lang='lat' dir='ltr'>muros</span> <span class='ocrx_word' id='word_1_80' title='bbox 1311 1684 1391 1722; x_wconf 88' lang='lat' dir='ltr'>rum-</span> 
     </span>
     <span class='ocr_line' id='line_1_13' title="bbox 243 1749 1391 1832; baseline -0.003 -23"><span class='ocrx_word' id='word_1_81' title='bbox 243 1753 313 1832; x_wconf 90' lang='lat' dir='ltr'>pis.&#39;</span> <span class='ocrx_word' id='word_1_82' title='bbox 347 1754 503 1828; x_wconf 84' lang='lat' dir='ltr'>Augustus</span> <span class='ocrx_word' id='word_1_83' title='bbox 530 1774 602 1812; x_wconf 87' lang='lat' dir='ltr'>uero</span> <span class='ocrx_word' id='word_1_84' title='bbox 621 1755 761 1812; x_wconf 82' lang='lat' dir='ltr'>Filistum</span> <span class='ocrx_word' id='word_1_85' title='bbox 779 1755 866 1830; x_wconf 86' lang='lat' dir='ltr'>graui</span> <span class='ocrx_word' id='word_1_86' title='bbox 881 1753 967 1811; x_wconf 90' lang='lat' dir='ltr'>uultu</span> <span class='ocrx_word' id='word_1_87' title='bbox 986 1751 1166 1829; x_wconf 88' lang='lat' dir='ltr'>increpauit.</span> <span class='ocrx_word' id='word_1_88' title='bbox 1204 1761 1276 1807; x_wconf 89' lang='lat' dir='ltr'>tunc</span> <span class='ocrx_word' id='word_1_89' title='bbox 1293 1749 1391 1819; x_wconf 89' lang='lat' dir='ltr'>Maro,</span> 
     </span>
     <span class='ocr_line' id='line_1_14' title="bbox 244 1834 1392 1915; baseline -0.004 -21"><span class='ocrx_word' id='word_1_90' title='bbox 244 1839 282 1894; x_wconf 77' lang='lat' dir='ltr'>‘si</span> <span class='ocrx_word' id='word_1_91' title='bbox 294 1847 413 1914; x_wconf 86' lang='lat' dir='ltr'>tempus</span> <span class='ocrx_word' id='word_1_92' title='bbox 431 1836 575 1910; x_wconf 77' lang='lat' dir='ltr'>Caesar&#39;,</span> <span class='ocrx_word' id='word_1_93' title='bbox 593 1840 704 1915; x_wconf 87' lang='lat' dir='ltr'>inquit,</span> <span class='ocrx_word' id='word_1_94' title='bbox 721 1838 856 1896; x_wconf 74' lang='lat' dir='ltr'>‘tacendi</span> <span class='ocrx_word' id='word_1_95' title='bbox 867 1837 917 1895; x_wconf 92' lang='lat' dir='ltr'>hic</span> <span class='ocrx_word' id='word_1_96' title='bbox 932 1838 1038 1908; x_wconf 86' lang='lat' dir='ltr'>sciret,</span> <span class='ocrx_word' id='word_1_97' title='bbox 1054 1855 1122 1894; x_wconf 88' lang='lat' dir='ltr'>raro</span> <span class='ocrx_word' id='word_1_98' title='bbox 1138 1834 1323 1912; x_wconf 87' lang='lat' dir='ltr'>loqueretur.</span> <span class='ocrx_word' id='word_1_99' title='bbox 1347 1843 1392 1890; x_wconf 86' lang='lat' dir='ltr'>ta·</span> 
     </span>
     <span class='ocr_line' id='line_1_15' title="bbox 244 1917 1393 2000; baseline -0.004 -22"><span class='ocrx_word' id='word_1_100' title='bbox 244 1921 374 1979; x_wconf 89' lang='lat' dir='ltr'>cendum</span> <span class='ocrx_word' id='word_1_101' title='bbox 397 1920 477 1978; x_wconf 89' lang='lat' dir='ltr'>cuim</span> <span class='ocrx_word' id='word_1_102' title='bbox 497 1942 617 2000; x_wconf 90' lang='lat' dir='ltr'>semper</span> <span class='ocrx_word' id='word_1_103' title='bbox 639 1931 698 1992; x_wconf 90' lang='lat' dir='ltr'>est,</span> <span class='ocrx_word' id='word_1_104' title='bbox 731 1923 789 1981; x_wconf 89' lang='lat' dir='ltr'>nisi</span> <span class='ocrx_word' id='word_1_105' title='bbox 808 1942 874 1980; x_wconf 92' lang='lat' dir='ltr'>eum</span> <span class='ocrx_word' id='word_1_106' title='bbox 900 1922 1091 1979; x_wconf 85' lang='lat' dir='ltr'>taciturnitas</span> <span class='ocrx_word' id='word_1_107' title='bbox 1107 1917 1161 1976; x_wconf 89' lang='lat' dir='ltr'>tibi</span> <span class='ocrx_word' id='word_1_108' title='bbox 1183 1928 1310 1989; x_wconf 84' lang='lat' dir='ltr'>noceat,</span> <span class='ocrx_word' id='word_1_109' title='bbox 1342 1927 1393 1974; x_wconf 89' lang='lat' dir='ltr'>aut</span> 
     </span>
     <span class='ocr_line' id='line_1_16' title="bbox 245 2001 1393 2086; baseline -0.004 -23"><span class='ocrx_word' id='word_1_110' title='bbox 245 2006 340 2063; x_wconf 90' lang='lat' dir='ltr'>oratio</span> <span class='ocrx_word' id='word_1_111' title='bbox 363 2003 430 2062; x_wconf 88' lang='lat' dir='ltr'>aliis</span> <span class='ocrx_word' id='word_1_112' title='bbox 452 2006 559 2082; x_wconf 82' lang='lat' dir='ltr'>prosit.</span> <span class='ocrx_word' id='word_1_113' title='bbox 602 2028 671 2064; x_wconf 89' lang='lat' dir='ltr'>nam</span> <span class='ocrx_word' id='word_1_114' title='bbox 693 2009 744 2086; x_wconf 91' lang='lat' dir='ltr'>qui</span> <span class='ocrx_word' id='word_1_115' title='bbox 767 2005 941 2076; x_wconf 67' lang='lat' dir='ltr'>contendit,⁴</span> <span class='ocrx_word' id='word_1_116' title='bbox 963 2013 995 2063; x_wconf 90' lang='lat' dir='ltr'>et</span> <span class='ocrx_word' id='word_1_117' title='bbox 1006 2002 1211 2063; x_wconf 85' lang='lat' dir='ltr'>contentionis</span> <span class='ocrx_word' id='word_1_118' title='bbox 1224 2002 1293 2060; x_wconf 91' lang='lat' dir='ltr'>finis</span> <span class='ocrx_word' id='word_1_119' title='bbox 1310 2001 1393 2059; x_wconf 92' lang='lat' dir='ltr'>utilis</span> 
     </span>
     <span class='ocr_line' id='line_1_17' title="bbox 244 2088 1392 2168; baseline -0.003 -21"><span class='ocrx_word' id='word_1_120' title='bbox 244 2110 304 2147; x_wconf 91' lang='lat' dir='ltr'>non</span> <span class='ocrx_word' id='word_1_121' title='bbox 323 2096 384 2157; x_wconf 88' lang='lat' dir='ltr'>cst,</span> <span class='ocrx_word' id='word_1_122' title='bbox 403 2088 503 2148; x_wconf 87' lang='lat' dir='ltr'>stultis</span> <span class='ocrx_word' id='word_1_123' title='bbox 520 2090 604 2149; x_wconf 89' lang='lat' dir='ltr'>illum</span> <span class='ocrx_word' id='word_1_124' title='bbox 620 2091 877 2151; x_wconf 86' lang='lat' dir='ltr'>annumerandum</span> <span class='ocrx_word' id='word_1_125' title='bbox 893 2089 1048 2167; x_wconf 88' lang='lat' dir='ltr'>sapientes</span> <span class='ocrx_word' id='word_1_126' title='bbox 1063 2088 1193 2168; x_wconf 64' lang='lat' dir='ltr'>putant!</span> <span class='ocrx_word' id='word_1_127' title='bbox 1230 2095 1392 2166; x_wconf 85' lang='lat' dir='ltr'>postquam</span> 
     </span>
     <span class='ocr_line' id='line_1_18' title="bbox 246 2173 1393 2254; baseline -0.004 -22"><span class='ocrx_word' id='word_1_128' title='bbox 246 2176 402 2249; x_wconf 80' lang='lat' dir='ltr'>Augustus</span> <span class='ocrx_word' id='word_1_129' title='bbox 426 2194 542 2233; x_wconf 87' lang='lat' dir='ltr'>summa</span> <span class='ocrx_word' id='word_1_130' title='bbox 560 2196 660 2233; x_wconf 88' lang='lat' dir='ltr'>rerum</span> <span class='ocrx_word' id='word_1_131' title='bbox 682 2177 813 2235; x_wconf 92' lang='lat' dir='ltr'>omnium</span> <span class='ocrx_word' id='word_1_132' title='bbox 836 2176 950 2254; x_wconf 88' lang='lat' dir='ltr'>potitus</span> <span class='ocrx_word' id='word_1_133' title='bbox 973 2183 1034 2245; x_wconf 84' lang='lat' dir='ltr'>est,</span> <span class='ocrx_word' id='word_1_134' title='bbox 1059 2173 1143 2231; x_wconf 90' lang='lat' dir='ltr'>uenit</span> <span class='ocrx_word' id='word_1_135' title='bbox 1158 2173 1188 2230; x_wconf 91' lang='lat' dir='ltr'>in</span> <span class='ocrx_word' id='word_1_136' title='bbox 1208 2180 1341 2229; x_wconf 88' lang='lat' dir='ltr'>mentem</span> <span class='ocrx_word' id='word_1_137' title='bbox 1355 2190 1393 2228; x_wconf 90' lang='lat' dir='ltr'>au</span> 
     </span>
     <span class='ocr_line' id='line_1_19' title="bbox 246 2256 1391 2341; baseline -0.003 -26"><span class='ocrx_word' id='word_1_138' title='bbox 246 2257 433 2316; x_wconf 86' lang='lat' dir='ltr'>conduceret</span> <span class='ocrx_word' id='word_1_139' title='bbox 446 2259 638 2339; x_wconf 84' lang='lat' dir='ltr'>tyrannidem</span> <span class='ocrx_word' id='word_1_140' title='bbox 656 2261 794 2319; x_wconf 87' lang='lat' dir='ltr'>omittere</span> <span class='ocrx_word' id='word_1_141' title='bbox 810 2270 840 2318; x_wconf 91' lang='lat' dir='ltr'>et</span> <span class='ocrx_word' id='word_1_142' title='bbox 861 2279 979 2318; x_wconf 86' lang='lat' dir='ltr'>ornnem</span> <span class='ocrx_word' id='word_1_143' title='bbox 997 2266 1180 2341; x_wconf 77' lang='lat' dir='ltr'>potestatem</span> <span class='ocrx_word' id='word_1_144' title='bbox 1197 2256 1305 2314; x_wconf 88' lang='lat' dir='ltr'>annuis</span> <span class='ocrx_word' id='word_1_145' title='bbox 1322 2275 1391 2312; x_wconf 90' lang='lat' dir='ltr'>con·</span> 
     </span>
     <span class='ocr_line' id='line_1_20' title="bbox 247 2340 1392 2422; baseline -0.003 -22"><span class='ocrx_word' id='word_1_146' title='bbox 247 2340 362 2400; x_wconf 87' lang='lat' dir='ltr'>salibus</span> <span class='ocrx_word' id='word_1_147' title='bbox 376 2346 535 2402; x_wconf 87' lang='lat' dir='ltr'>etsenatui</span> <span class='ocrx_word' id='word_1_148' title='bbox 551 2345 767 2422; x_wconf 84' lang='lat' dir='ltr'>rempublicam</span> <span class='ocrx_word' id='word_1_149' title='bbox 780 2343 925 2419; x_wconf 77' lang='lat' dir='ltr'>reddere3</span> <span class='ocrx_word' id='word_1_150' title='bbox 942 2344 974 2402; x_wconf 90' lang='lat' dir='ltr'>in</span> <span class='ocrx_word' id='word_1_151' title='bbox 991 2362 1051 2421; x_wconf 88' lang='lat' dir='ltr'>qua</span> <span class='ocrx_word' id='word_1_152' title='bbox 1064 2361 1096 2400; x_wconf 88' lang='lat' dir='ltr'>re</span> <span class='ocrx_word' id='word_1_153' title='bbox 1113 2341 1254 2400; x_wconf 87' lang='lat' dir='ltr'>diuersae</span> <span class='ocrx_word' id='word_1_154' title='bbox 1271 2348 1392 2398; x_wconf 90' lang='lat' dir='ltr'>senten·</span> 
     </span>
     <span class='ocr_line' id='line_1_21' title="bbox 247 2425 1393 2506; baseline -0.003 -22"><span class='ocrx_word' id='word_1_155' title='bbox 247 2429 308 2486; x_wconf 84' lang='lat' dir='ltr'>tiae</span> <span class='ocrx_word' id='word_1_156' title='bbox 330 2429 486 2487; x_wconf 89' lang='lat' dir='ltr'>consultos</span> <span class='ocrx_word' id='word_1_157' title='bbox 510 2428 616 2488; x_wconf 89' lang='lat' dir='ltr'>babuit</span> <span class='ocrx_word' id='word_1_158' title='bbox 643 2431 854 2489; x_wconf 88' lang='lat' dir='ltr'>Mecoenatem</span> <span class='ocrx_word' id='word_1_159' title='bbox 882 2437 912 2486; x_wconf 92' lang='lat' dir='ltr'>et</span> <span class='ocrx_word' id='word_1_160' title='bbox 932 2428 1112 2506; x_wconf 80' lang='lat' dir='ltr'>Agrippam.</span> <span class='ocrx_word' id='word_1_161' title='bbox 1150 2426 1290 2504; x_wconf 84' lang='lat' dir='ltr'>Agrippa</span> <span class='ocrx_word' id='word_1_162' title='bbox 1315 2425 1393 2482; x_wconf 86' lang='lat' dir='ltr'>enirn</span> 
     </span>
     <span class='ocr_line' id='line_1_22' title="bbox 248 2509 1393 2589; baseline -0.006 -20"><span class='ocrx_word' id='word_1_163' title='bbox 248 2512 321 2570; x_wconf 91' lang='lat' dir='ltr'>utile</span> <span class='ocrx_word' id='word_1_164' title='bbox 340 2511 398 2570; x_wconf 88' lang='lat' dir='ltr'>sibi</span> <span class='ocrx_word' id='word_1_165' title='bbox 414 2512 479 2572; x_wconf 90' lang='lat' dir='ltr'>sore</span> <span class='ocrx_word' id='word_1_166' title='bbox 501 2515 592 2572; x_wconf 88' lang='lat' dir='ltr'>etiam</span> <span class='ocrx_word' id='word_1_167' title='bbox 610 2514 635 2571; x_wconf 87' lang='lat' dir='ltr'>si</span> <span class='ocrx_word' id='word_1_168' title='bbox 652 2515 811 2574; x_wconf 83' lang='lat' dir='ltr'>honestum</span> <span class='ocrx_word' id='word_1_169' title='bbox 829 2534 888 2572; x_wconf 91' lang='lat' dir='ltr'>non</span> <span class='ocrx_word' id='word_1_170' title='bbox 908 2521 991 2570; x_wconf 88' lang='lat' dir='ltr'>esset</span> <span class='ocrx_word' id='word_1_171' title='bbox 1011 2511 1184 2589; x_wconf 89' lang='lat' dir='ltr'>relinquere</span> <span class='ocrx_word' id='word_1_172' title='bbox 1197 2509 1393 2588; x_wconf 83' lang='lat' dir='ltr'>tyrannidem</span> 
     </span>
     <span class='ocr_line' id='line_1_23' title="bbox 247 2595 1394 2680; baseline -0.003 -26"><span class='ocrx_word' id='word_1_173' title='bbox 247 2598 340 2673; x_wconf 83' lang='lat' dir='ltr'>longa</span> <span class='ocrx_word' id='word_1_174' title='bbox 365 2597 500 2658; x_wconf 89' lang='lat' dir='ltr'>oratione</span> <span class='ocrx_word' id='word_1_175' title='bbox 525 2598 698 2657; x_wconf 87' lang='lat' dir='ltr'>contendit:</span> <span class='ocrx_word' id='word_1_176' title='bbox 737 2597 818 2677; x_wconf 92' lang='lat' dir='ltr'>quod</span> <span class='ocrx_word' id='word_1_177' title='bbox 837 2598 1002 2656; x_wconf 86' lang='lat' dir='ltr'>Mccoenas</span> <span class='ocrx_word' id='word_1_178' title='bbox 1028 2595 1180 2680; x_wconf 85' lang='lat' dir='ltr'>dehortari</span> <span class='ocrx_word' id='word_1_179' title='bbox 1207 2612 1394 2671; x_wconf 87' lang='lat' dir='ltr'>magnopere</span> 
     </span>
     <span class='ocr_line' id='line_1_24' title="bbox 247 2678 1394 2762; baseline -0.005 -23"><span class='ocrx_word' id='word_1_180' title='bbox 247 2681 424 2739; x_wconf 88' lang='lat' dir='ltr'>conabatur.</span> <span class='ocrx_word' id='word_1_181' title='bbox 455 2703 548 2762; x_wconf 90' lang='lat' dir='ltr'>quare</span> <span class='ocrx_word' id='word_1_182' title='bbox 563 2685 692 2761; x_wconf 77' lang='lat' dir='ltr'>Augusti</span> <span class='ocrx_word' id='word_1_183' title='bbox 708 2685 823 2740; x_wconf 82' lang='lat' dir='ltr'>animus</span> <span class='ocrx_word' id='word_1_184' title='bbox 840 2691 871 2740; x_wconf 88' lang='lat' dir='ltr'>et</span> <span class='ocrx_word' id='word_1_185' title='bbox 886 2681 956 2739; x_wconf 89' lang='lat' dir='ltr'>hinc</span> <span class='ocrx_word' id='word_1_186' title='bbox 975 2679 1131 2739; x_wconf 86' lang='lat' dir='ltr'>ferebatur</span> <span class='ocrx_word' id='word_1_187' title='bbox 1147 2688 1176 2737; x_wconf 90' lang='lat' dir='ltr'>et</span> <span class='ocrx_word' id='word_1_188' title='bbox 1191 2678 1285 2736; x_wconf 89' lang='lat' dir='ltr'>illinc.</span> <span class='ocrx_word' id='word_1_189' title='bbox 1308 2686 1394 2735; x_wconf 88' lang='lat' dir='ltr'>erant</span> 
     </span>
     <span class='ocr_line' id='line_1_25' title="bbox 249 2763 1396 2840; baseline -0.004 -17"><span class='ocrx_word' id='word_1_190' title='bbox 249 2768 329 2823; x_wconf 85' lang='lat' dir='ltr'>eninr</span> <span class='ocrx_word' id='word_1_191' title='bbox 348 2765 487 2826; x_wconf 89' lang='lat' dir='ltr'>diuersae</span> <span class='ocrx_word' id='word_1_192' title='bbox 504 2768 674 2826; x_wconf 88' lang='lat' dir='ltr'>sententiae</span> <span class='ocrx_word' id='word_1_193' title='bbox 690 2767 782 2825; x_wconf 86' lang='lat' dir='ltr'>uariis</span> <span class='ocrx_word' id='word_1_194' title='bbox 799 2764 967 2825; x_wconf 87' lang='lat' dir='ltr'>rationibus</span> <span class='ocrx_word' id='word_1_195' title='bbox 982 2765 1128 2823; x_wconf 85' lang='lat' dir='ltr'>firmatae.</span> <span class='ocrx_word' id='word_1_196' title='bbox 1164 2763 1284 2840; x_wconf 87' lang='lat' dir='ltr'>rogauit</span> <span class='ocrx_word' id='word_1_197' title='bbox 1303 2764 1396 2838; x_wconf 80' lang='lat' dir='ltr'>igitur</span> 
     </span>
     <span class='ocr_line' id='line_1_26' title="bbox 247 2847 1472 2934; baseline -0.002 -28"><span class='ocrx_word' id='word_1_198' title='bbox 247 2851 404 2907; x_wconf 86' lang='lat' dir='ltr'>Maronem</span> <span class='ocrx_word' id='word_1_199' title='bbox 421 2873 458 2909; x_wconf 86' lang='lat' dir='ltr'>an</span> <span class='ocrx_word' id='word_1_200' title='bbox 476 2853 612 2911; x_wconf 88' lang='lat' dir='ltr'>conferat</span> <span class='ocrx_word' id='word_1_201' title='bbox 628 2853 747 2930; x_wconf 89' lang='lat' dir='ltr'>priuato</span> <span class='ocrx_word' id='word_1_202' title='bbox 763 2852 875 2909; x_wconf 90' lang='lat' dir='ltr'>bomini</span> <span class='ocrx_word' id='word_1_203' title='bbox 891 2870 924 2908; x_wconf 89' lang='lat' dir='ltr'>se</span> <span class='ocrx_word' id='word_1_204' title='bbox 943 2852 971 2907; x_wconf 93' lang='lat' dir='ltr'>in</span> <span class='ocrx_word' id='word_1_205' title='bbox 988 2869 1043 2906; x_wconf 89' lang='lat' dir='ltr'>sua</span> <span class='ocrx_word' id='word_1_206' title='bbox 1058 2847 1216 2926; x_wconf 86' lang='lat' dir='ltr'>republica</span> <span class='ocrx_word' id='word_1_207' title='bbox 1232 2857 1395 2926; x_wconf 80' lang='lat' dir='ltr'>tyrannum</span> <span class='ocrx_word' id='word_1_208' title='bbox 1466 2916 1472 2934; x_wconf 34' lang='grc' dir='ltr'><strong>ι</strong></span> 
     </span>
     <span class='ocr_line' id='line_1_27' title="bbox 248 2932 1393 3015; baseline 0 -26"><span class='ocrx_word' id='word_1_209' title='bbox 248 2936 362 2990; x_wconf 86' lang='lat' dir='ltr'>facere.</span> <span class='ocrx_word' id='word_1_210' title='bbox 385 2943 447 2992; x_wconf 83' lang='lat' dir='ltr'>turn</span> <span class='ocrx_word' id='word_1_211' title='bbox 464 2937 525 3009; x_wconf 85' lang='lat' dir='ltr'>ille,</span> <span class='ocrx_word' id='word_1_212' title='bbox 543 2936 694 2994; x_wconf 74' lang='lat' dir='ltr'>‘omnibus</span> <span class='ocrx_word' id='word_1_213' title='bbox 710 2938 837 3007; x_wconf 89' lang='lat' dir='ltr'>fermc&#39;‚</span> <span class='ocrx_word' id='word_1_214' title='bbox 855 2935 969 3015; x_wconf 87' lang='lat' dir='ltr'>inquit,</span> <span class='ocrx_word' id='word_1_215' title='bbox 988 2933 1064 2992; x_wconf 86' lang='lat' dir='ltr'>‘rem</span> <span class='ocrx_word' id='word_1_216' title='bbox 1076 2932 1393 3012; x_wconf 87' lang='lat' dir='ltr'>publicumoceupan·</span> 
     </span>
     <span class='ocr_line' id='line_1_28' title="bbox 247 3016 1395 3100; baseline -0.001 -26"><span class='ocrx_word' id='word_1_217' title='bbox 247 3016 328 3074; x_wconf 89' lang='lat' dir='ltr'>tibns</span> <span class='ocrx_word' id='word_1_218' title='bbox 338 3018 466 3079; x_wconf 82' lang='lat' dir='ltr'>molesta</span> <span class='ocrx_word' id='word_1_219' title='bbox 478 3021 545 3100; x_wconf 84' lang='lat' dir='ltr'>ipsa</span> <span class='ocrx_word' id='word_1_220' title='bbox 554 3022 691 3100; x_wconf 70' lang='lat' dir='ltr'>tyrannis</span> <span class='ocrx_word' id='word_1_221' title='bbox 704 3022 759 3078; x_wconf 89' lang='lat' dir='ltr'>suit</span> <span class='ocrx_word' id='word_1_222' title='bbox 771 3031 801 3078; x_wconf 92' lang='lat' dir='ltr'>ct</span> <span class='ocrx_word' id='word_1_223' title='bbox 814 3020 946 3091; x_wconf 83' lang='lat' dir='ltr'>ciuibus,</span> <span class='ocrx_word' id='word_1_224' title='bbox 963 3019 1035 3098; x_wconf 88' lang='lat' dir='ltr'>quia</span> <span class='ocrx_word' id='word_1_225' title='bbox 1049 3036 1178 3077; x_wconf 88' lang='lat' dir='ltr'>necesse</span> <span class='ocrx_word' id='word_1_226' title='bbox 1195 3027 1260 3075; x_wconf 89' lang='lat' dir='ltr'>erat</span> <span class='ocrx_word' id='word_1_227' title='bbox 1272 3027 1395 3095; x_wconf 86' lang='lat' dir='ltr'>propter</span> 
     </span>
     <span class='ocr_line' id='line_1_29' title="bbox 248 3100 1393 3180; baseline -0.003 -23"><span class='ocrx_word' id='word_1_228' title='bbox 248 3100 319 3158; x_wconf 90' lang='lat' dir='ltr'>odia</span> <span class='ocrx_word' id='word_1_229' title='bbox 341 3101 529 3163; x_wconf 87' lang='lat' dir='ltr'>subditorum</span> <span class='ocrx_word' id='word_1_230' title='bbox 546 3116 598 3163; x_wconf 92' lang='lat' dir='ltr'>aut</span> <span class='ocrx_word' id='word_1_231' title='bbox 618 3126 721 3164; x_wconf 89' lang='lat' dir='ltr'>corum</span> <span class='ocrx_word' id='word_1_232' title='bbox 743 3105 920 3163; x_wconf 89' lang='lat' dir='ltr'>iniustitiam</span> <span class='ocrx_word' id='word_1_233' title='bbox 942 3122 1053 3179; x_wconf 83' lang='lat' dir='ltr'>magna</span> <span class='ocrx_word' id='word_1_234' title='bbox 1076 3103 1249 3180; x_wconf 87' lang='lat' dir='ltr'>suspicione</span> <span class='ocrx_word' id='word_1_235' title='bbox 1270 3122 1393 3178; x_wconf 83' lang='lat' dir='ltr'>magno-</span> 
     </span>
     <span class='ocr_line' id='line_1_30' title="bbox 248 3187 1394 3267; baseline -0.001 -25"><span class='ocrx_word' id='word_1_236' title='bbox 248 3205 307 3264; x_wconf 90' lang='lat' dir='ltr'>que</span> <span class='ocrx_word' id='word_1_237' title='bbox 327 3187 433 3247; x_wconf 87' lang='lat' dir='ltr'>timore</span> <span class='ocrx_word' id='word_1_238' title='bbox 456 3190 572 3249; x_wconf 86' lang='lat' dir='ltr'>uiuere.</span> <span class='ocrx_word' id='word_1_239' title='bbox 611 3190 666 3248; x_wconf 87' lang='lat' dir='ltr'>sod</span> <span class='ocrx_word' id='word_1_240' title='bbox 689 3190 714 3249; x_wconf 86' lang='lat' dir='ltr'>si</span> <span class='ocrx_word' id='word_1_241' title='bbox 736 3189 819 3248; x_wconf 88' lang='lat' dir='ltr'>ciues</span> <span class='ocrx_word' id='word_1_242' title='bbox 843 3189 953 3248; x_wconf 83' lang='lat' dir='ltr'>iustum</span> <span class='ocrx_word' id='word_1_243' title='bbox 983 3188 1115 3267; x_wconf 90' lang='lat' dir='ltr'>aliquem</span> <span class='ocrx_word' id='word_1_244' title='bbox 1144 3187 1272 3258; x_wconf 85' lang='lat' dir='ltr'>scirent,</span> <span class='ocrx_word' id='word_1_245' title='bbox 1305 3205 1394 3266; x_wconf 88' lang='lat' dir='ltr'>quem</span> 
     </span>
     <span class='ocr_line' id='line_1_31' title="bbox 249 3271 1394 3351; baseline 0 -25"><span class='ocrx_word' id='word_1_246' title='bbox 249 3283 388 3331; x_wconf 87' lang='lat' dir='ltr'>amarent</span> <span class='ocrx_word' id='word_1_247' title='bbox 407 3274 584 3351; x_wconf 87' lang='lat' dir='ltr'>plurimum,</span> <span class='ocrx_word' id='word_1_248' title='bbox 604 3276 721 3333; x_wconf 88' lang='lat' dir='ltr'>ciuitati</span> <span class='ocrx_word' id='word_1_249' title='bbox 736 3274 767 3331; x_wconf 93' lang='lat' dir='ltr'>id</span> <span class='ocrx_word' id='word_1_250' title='bbox 785 3274 859 3332; x_wconf 91' lang='lat' dir='ltr'>utile</span> <span class='ocrx_word' id='word_1_251' title='bbox 883 3275 977 3344; x_wconf 89' lang='lat' dir='ltr'>foret,</span> <span class='ocrx_word' id='word_1_252' title='bbox 1001 3274 1071 3330; x_wconf 89' lang='lat' dir='ltr'>siin</span> <span class='ocrx_word' id='word_1_253' title='bbox 1087 3292 1123 3330; x_wconf 92' lang='lat' dir='ltr'>eo</span> <span class='ocrx_word' id='word_1_254' title='bbox 1144 3292 1202 3329; x_wconf 92' lang='lat' dir='ltr'>uno</span> <span class='ocrx_word' id='word_1_255' title='bbox 1224 3271 1321 3329; x_wconf 88' lang='lat' dir='ltr'>omnis</span> <span class='ocrx_word' id='word_1_256' title='bbox 1343 3293 1394 3349; x_wconf 86' lang='lat' dir='ltr'>po·</span> 
     </span>
     <span class='ocr_line' id='line_1_32' title="bbox 248 3353 1395 3439; baseline -0.002 -27"><span class='ocrx_word' id='word_1_257' title='bbox 248 3363 344 3412; x_wconf 89' lang='lat' dir='ltr'>testas</span> <span class='ocrx_word' id='word_1_258' title='bbox 367 3367 457 3416; x_wconf 86' lang='lat' dir='ltr'>esset.</span> <span class='ocrx_word' id='word_1_259' title='bbox 500 3379 593 3437; x_wconf 81' lang='lat' dir='ltr'>qrrare</span> <span class='ocrx_word' id='word_1_260' title='bbox 613 3361 637 3417; x_wconf 88' lang='lat' dir='ltr'>si</span> <span class='ocrx_word' id='word_1_261' title='bbox 667 3359 829 3431; x_wconf 81' lang='lat' dir='ltr'>iustitiam,</span> <span class='ocrx_word' id='word_1_262' title='bbox 858 3357 938 3439; x_wconf 92' lang='lat' dir='ltr'>quod</span> <span class='ocrx_word' id='word_1_263' title='bbox 963 3357 1051 3415; x_wconf 88' lang='lat' dir='ltr'>ruodo</span> <span class='ocrx_word' id='word_1_264' title='bbox 1080 3353 1177 3436; x_wconf 82' lang='lat' dir='ltr'>(immo</span> <span class='ocrx_word' id='word_1_265' title='bbox 1208 3376 1268 3434; x_wconf 91' lang='lat' dir='ltr'>quo</span> <span class='ocrx_word' id='word_1_266' title='bbox 1293 3354 1395 3430; x_wconf 83' lang='lat' dir='ltr'>modo)</span> 
     </span>
     <span class='ocr_line' id='line_1_33' title="bbox 248 3439 1394 3519; baseline 0.001 -22"><span class='ocrx_word' id='word_1_267' title='bbox 248 3439 340 3512; x_wconf 87' lang='lat' dir='ltr'>facis,</span> <span class='ocrx_word' id='word_1_268' title='bbox 361 3441 497 3501; x_wconf 88' lang='lat' dir='ltr'>omnibus</span> <span class='ocrx_word' id='word_1_269' title='bbox 512 3444 542 3501; x_wconf 90' lang='lat' dir='ltr'>in</span> <span class='ocrx_word' id='word_1_270' title='bbox 560 3444 691 3502; x_wconf 85' lang='lat' dir='ltr'>suturam</span> <span class='ocrx_word' id='word_1_271' title='bbox 706 3443 955 3502; x_wconf 83' lang='lat' dir='ltr'>nullalrominum</span> <span class='ocrx_word' id='word_1_272' title='bbox 970 3443 1052 3500; x_wconf 80' lang='lat' dir='ltr'>laeta</span> <span class='ocrx_word' id='word_1_273' title='bbox 1065 3441 1283 3519; x_wconf 86' lang='lat' dir='ltr'>compositione</span> <span class='ocrx_word' id='word_1_274' title='bbox 1298 3440 1394 3499; x_wconf 85' lang='lat' dir='ltr'>distri·</span> 
     </span>
     <span class='ocr_line' id='line_1_34' title="bbox 248 3523 1467 3596; baseline 0.002 -16"><span class='ocrx_word' id='word_1_275' title='bbox 248 3523 339 3596; x_wconf 76' lang='lat' dir='ltr'>bneS‚</span> <span class='ocrx_word' id='word_1_276' title='bbox 365 3526 513 3585; x_wconf 90' lang='lat' dir='ltr'>dominari</span> <span class='ocrx_word' id='word_1_277' title='bbox 530 3538 560 3586; x_wconf 92' lang='lat' dir='ltr'>te</span> <span class='ocrx_word' id='word_1_278' title='bbox 581 3538 612 3587; x_wconf 90' lang='lat' dir='ltr'>et</span> <span class='ocrx_word' id='word_1_279' title='bbox 632 3528 686 3586; x_wconf 90' lang='lat' dir='ltr'>tibi</span> <span class='ocrx_word' id='word_1_280' title='bbox 712 3528 862 3586; x_wconf 87' lang='lat' dir='ltr'>conducet</span> <span class='ocrx_word' id='word_1_281' title='bbox 882 3535 913 3585; x_wconf 90' lang='lat' dir='ltr'>et</span> <span class='ocrx_word' id='word_1_282' title='bbox 934 3525 1009 3585; x_wconf 90' lang='lat' dir='ltr'>orbi.</span> <span class='ocrx_word' id='word_1_283' title='bbox 1046 3525 1293 3585; x_wconf 81' lang='lat' dir='ltr'>beneuolentiam</span> <span class='ocrx_word' id='word_1_284' title='bbox 1318 3527 1395 3583; x_wconf 86' lang='lat' dir='ltr'>enirn</span> <span class='ocrx_word' id='word_1_285' title='bbox 1464 3544 1467 3549; x_wconf 85' lang='grc'><strong>’</strong></span> 
     </span>
     <span class='ocr_line' id='line_1_35' title="bbox 250 3609 1394 3683; baseline 0.001 -18"><span class='ocrx_word' id='word_1_286' title='bbox 250 3609 379 3668; x_wconf 92' lang='lat' dir='ltr'>onmium</span> <span class='ocrx_word' id='word_1_287' title='bbox 397 3613 437 3669; x_wconf 84' lang='lat' dir='ltr'>ita</span> <span class='ocrx_word' id='word_1_288' title='bbox 452 3612 566 3683; x_wconf 83' lang='lat' dir='ltr'>babos,</span> <span class='ocrx_word' id='word_1_289' title='bbox 587 3623 618 3671; x_wconf 93' lang='lat' dir='ltr'>ut</span> <span class='ocrx_word' id='word_1_290' title='bbox 637 3612 727 3671; x_wconf 86' lang='lat' dir='ltr'>doum</span> <span class='ocrx_word' id='word_1_291' title='bbox 738 3623 768 3671; x_wconf 90' lang='lat' dir='ltr'>tc</span> <span class='ocrx_word' id='word_1_292' title='bbox 784 3624 814 3671; x_wconf 89' lang='lat' dir='ltr'>et</span> <span class='ocrx_word' id='word_1_293' title='bbox 830 3612 958 3670; x_wconf 86' lang='lat' dir='ltr'>adorent</span> <span class='ocrx_word' id='word_1_294' title='bbox 971 3621 1001 3670; x_wconf 88' lang='lat' dir='ltr'>et</span> <span class='ocrx_word' id='word_1_295' title='bbox 1017 3610 1164 3670; x_wconf 65' lang='lat' dir='ltr'>credant?</span> <span class='ocrx_word' id='word_1_296' title='bbox 1192 3611 1257 3667; x_wconf 81' lang='lat' dir='ltr'>eius</span> <span class='ocrx_word' id='word_1_297' title='bbox 1273 3619 1394 3669; x_wconf 86' lang='lat' dir='ltr'>senten-</span> 
     </span>
     <span class='ocr_line' id='line_1_36' title="bbox 251 3693 1394 3776; baseline 0.003 -27"><span class='ocrx_word' id='word_1_298' title='bbox 251 3695 322 3750; x_wconf 87' lang='lat' dir='ltr'>tiam</span> <span class='ocrx_word' id='word_1_299' title='bbox 345 3707 467 3754; x_wconf 87' lang='lat' dir='ltr'>secutus</span> <span class='ocrx_word' id='word_1_300' title='bbox 487 3696 603 3766; x_wconf 83' lang='lat' dir='ltr'>Caesar</span> <span class='ocrx_word' id='word_1_301' title='bbox 630 3697 832 3776; x_wconf 85' lang='lat' dir='ltr'>principatum</span> <span class='ocrx_word' id='word_1_302' title='bbox 857 3697 963 3754; x_wconf 88' lang='lat' dir='ltr'>tenuit.</span> <span class='ocrx_word' id='word_1_303' title='bbox 1003 3695 1118 3753; x_wconf 87' lang='lat' dir='ltr'>audiuit</span> <span class='ocrx_word' id='word_1_304' title='bbox 1143 3693 1283 3752; x_wconf 87' lang='lat' dir='ltr'>aSirone</span> <span class='ocrx_word' id='word_1_305' title='bbox 1309 3715 1394 3773; x_wconf 85' lang='lat' dir='ltr'>prae·</span> 
     </span>
     <span class='ocr_line' id='line_1_37' title="bbox 251 3780 1396 3860; baseline 0 -26"><span class='ocrx_word' id='word_1_306' title='bbox 251 3788 340 3855; x_wconf 86' lang='lat' dir='ltr'>cepta</span> <span class='ocrx_word' id='word_1_307' title='bbox 362 3781 501 3856; x_wconf 85' lang='lat' dir='ltr'>Epicuri:</span> <span class='ocrx_word' id='word_1_308' title='bbox 542 3781 627 3839; x_wconf 69' lang='lat' dir='ltr'>carius</span> <span class='ocrx_word' id='word_1_309' title='bbox 649 3782 806 3840; x_wconf 88' lang='lat' dir='ltr'>doctrinae</span> <span class='ocrx_word' id='word_1_310' title='bbox 828 3782 944 3840; x_wconf 87' lang='lat' dir='ltr'>socium</span> <span class='ocrx_word' id='word_1_311' title='bbox 960 3780 1065 3839; x_wconf 90' lang='lat' dir='ltr'>habuit</span> <span class='ocrx_word' id='word_1_312' title='bbox 1087 3780 1223 3838; x_wconf 85' lang='lat' dir='ltr'>Varium.</span> <span class='ocrx_word' id='word_1_313' title='bbox 1258 3781 1396 3860; x_wconf 85' lang='lat' dir='ltr'>quanmis</span> 
     </span>
     <span class='ocr_line' id='line_1_38' title="bbox 251 3863 1397 3944; baseline 0 -24"><span class='ocrx_word' id='word_1_314' title='bbox 251 3864 437 3921; x_wconf 88' lang='lat' dir='ltr'>diuersorum</span> <span class='ocrx_word' id='word_1_315' title='bbox 450 3864 696 3943; x_wconf 85' lang='lat' dir='ltr'>philosophorum</span> <span class='ocrx_word' id='word_1_316' title='bbox 715 3867 872 3944; x_wconf 89' lang='lat' dir='ltr'>opiniones</span> <span class='ocrx_word' id='word_1_317' title='bbox 889 3865 975 3923; x_wconf 84' lang='lat' dir='ltr'>libris</span> <span class='ocrx_word' id='word_1_318' title='bbox 994 3866 1055 3923; x_wconf 88' lang='lat' dir='ltr'>suis</span> <span class='ocrx_word' id='word_1_319' title='bbox 1069 3864 1232 3922; x_wconf 85' lang='lat' dir='ltr'>inseruisse</span> <span class='ocrx_word' id='word_1_320' title='bbox 1246 3863 1285 3922; x_wconf 79' lang='lat' dir='ltr'>(le</span> <span class='ocrx_word' id='word_1_321' title='bbox 1299 3867 1397 3923; x_wconf 87' lang='lat' dir='ltr'>animo</span> 
     </span>
     <span class='ocr_line' id='line_1_39' title="bbox 250 3948 1396 4028; baseline 0 -23"><span class='ocrx_word' id='word_1_322' title='bbox 250 3948 379 4006; x_wconf 85' lang='lat' dir='ltr'>maxime</span> <span class='ocrx_word' id='word_1_323' title='bbox 396 3948 549 4019; x_wconf 89' lang='lat' dir='ltr'>uideatur,</span> <span class='ocrx_word' id='word_1_324' title='bbox 568 3952 634 4028; x_wconf 86' lang='lat' dir='ltr'>ipse.</span> <span class='ocrx_word' id='word_1_325' title='bbox 650 3960 752 4009; x_wconf 88' lang='lat' dir='ltr'>tamen</span> <span class='ocrx_word' id='word_1_326' title='bbox 769 3951 826 4010; x_wconf 83' lang='lat' dir='ltr'>suit</span> <span class='ocrx_word' id='word_1_327' title='bbox 843 3948 1056 4008; x_wconf 78' lang='lat' dir='ltr'>Academicus.</span> <span class='ocrx_word' id='word_1_328' title='bbox 1084 3968 1154 4006; x_wconf 88' lang='lat' dir='ltr'>narn</span> <span class='ocrx_word' id='word_1_329' title='bbox 1172 3948 1312 4007; x_wconf 88' lang='lat' dir='ltr'>Platonis</span> <span class='ocrx_word' id='word_1_330' title='bbox 1329 3969 1396 4007; x_wconf 85' lang='lat' dir='ltr'>sen·</span> 
     </span>
     <span class='ocr_line' id='line_1_40' title="bbox 249 4032 804 4110; baseline 0.007 -21"><span class='ocrx_word' id='word_1_331' title='bbox 249 4033 360 4090; x_wconf 81' lang='lat' dir='ltr'>tentius</span> <span class='ocrx_word' id='word_1_332' title='bbox 375 4033 513 4091; x_wconf 87' lang='lat' dir='ltr'>omnibus</span> <span class='ocrx_word' id='word_1_333' title='bbox 532 4032 601 4091; x_wconf 85' lang='lat' dir='ltr'>aliis</span> <span class='ocrx_word' id='word_1_334' title='bbox 615 4035 768 4110; x_wconf 86' lang='lat' dir='ltr'>praetulit.</span> <span class='ocrx_word' id='word_1_335' title='bbox 787 4056 804 4104; x_wconf 90' lang='grc' dir='ltr'>ς</span> 
     </span>
    </p>

    <p class='ocr_par' dir='ltr' id='par_1_5' title="bbox 249 4121 1398 4363">
     <span class='ocr_line' id='line_1_41' title="bbox 336 4121 1397 4177; baseline -0.003 -2"><span class='ocrx_word' id='word_1_336' title='bbox 336 4121 460 4176; x_wconf 72' lang='lat' dir='ltr'>XXVc.</span> <span class='ocrx_word' id='word_1_337' title='bbox 481 4142 538 4176; x_wconf 79' lang='lat' dir='ltr'>vrri</span> <span class='ocrx_word' id='word_1_338' title='bbox 560 4143 671 4177; x_wconf 71' lang='lat' dir='ltr'>t‘rlttsslttt</span> <span class='ocrx_word' id='word_1_339' title='bbox 691 4144 705 4176; x_wconf 77' lang='lat' dir='ltr'>a</span> <span class='ocrx_word' id='word_1_340' title='bbox 726 4143 787 4177; x_wconf 72' lang='lat' dir='ltr'>rora</span> <span class='ocrx_word' id='word_1_341' title='bbox 805 4142 967 4177; x_wconf 77' lang='lat' dir='ltr'>untuuarno</span> <span class='ocrx_word' id='word_1_342' title='bbox 988 4141 1059 4175; x_wconf 79' lang='lat' dir='ltr'>rnnrs</span> <span class='ocrx_word' id='word_1_343' title='bbox 1078 4141 1164 4174; x_wconf 70' lang='lat' dir='ltr'>nouae</span> <span class='ocrx_word' id='word_1_344' title='bbox 1186 4140 1304 4173; x_wconf 72' lang='lat' dir='ltr'>vnnsrurs</span> <span class='ocrx_word' id='word_1_345' title='bbox 1327 4139 1397 4174; x_wconf 73' lang='lat' dir='ltr'>uniri</span> 
     </span>
     <span class='ocr_line' id='line_1_42' title="bbox 249 4207 1398 4278; baseline -0.001 -20"><span class='ocrx_word' id='word_1_346' title='bbox 249 4209 311 4262; x_wconf 79' lang='lat' dir='ltr'>cod.</span> <span class='ocrx_word' id='word_1_347' title='bbox 326 4207 480 4278; x_wconf 70' lang='lat' dir='ltr'>Srulipcrr&#39;r</span> <span class='ocrx_word' id='word_1_348' title='bbox 497 4209 525 4261; x_wconf 83' lang='lat' dir='ltr'>in</span> <span class='ocrx_word' id='word_1_349' title='bbox 542 4209 602 4262; x_wconf 79' lang='lat' dir='ltr'>rod.</span> <span class='ocrx_word' id='word_1_350' title='bbox 621 4208 772 4263; x_wconf 78' lang='lat' dir='ltr'>Serivcrr&#39;i:</span> <span class='ocrx_word' id='word_1_351' title='bbox 796 4229 809 4262; x_wconf 80' lang='lat' dir='ltr'>a</span> <span class='ocrx_word' id='word_1_352' title='bbox 831 4227 892 4262; x_wconf 73' lang='lat' dir='ltr'>roci</span> <span class='ocrx_word' id='word_1_353' title='bbox 913 4225 1076 4261; x_wconf 76' lang='lat' dir='ltr'>onrunmrro</span> <span class='ocrx_word' id='word_1_354' title='bbox 1095 4225 1170 4259; x_wconf 72' lang='lat' dir='ltr'>ratris</span> <span class='ocrx_word' id='word_1_355' title='bbox 1192 4225 1280 4260; x_wconf 72' lang='lat' dir='ltr'>nouis</span> <span class='ocrx_word' id='word_1_356' title='bbox 1300 4225 1398 4260; x_wconf 76' lang='lat' dir='ltr'>erasur-</span> 
     </span>
     <span class='ocr_line' id='line_1_43' title="bbox 251 4290 1367 4363; baseline 0.005 -21"><span class='ocrx_word' id='word_1_357' title='bbox 251 4307 381 4346; x_wconf 78' lang='lat' dir='ltr'>clcissruo</span> <span class='ocrx_word' id='word_1_358' title='bbox 400 4313 430 4346; x_wconf 83' lang='lat' dir='ltr'>ur</span> <span class='ocrx_word' id='word_1_359' title='bbox 449 4311 603 4346; x_wconf 43' lang='lat' dir='ltr'>arianissimo.</span> <span class='ocrx_word' id='word_1_360' title='bbox 621 4294 741 4348; x_wconf 79' lang='lat' dir='ltr'>Carmen</span> <span class='ocrx_word' id='word_1_361' title='bbox 760 4294 837 4363; x_wconf 79' lang='lat' dir='ltr'>quod</span> <span class='ocrx_word' id='word_1_362' title='bbox 854 4293 947 4346; x_wconf 80' lang='lat' dir='ltr'>Focas</span> <span class='ocrx_word' id='word_1_363' title='bbox 963 4292 1114 4361; x_wconf 74' lang='lat' dir='ltr'>praemisit</span> <span class='ocrx_word' id='word_1_364' title='bbox 1126 4290 1265 4345; x_wconf 66' lang='lat' dir='ltr'>exhibere</span> <span class='ocrx_word' id='word_1_365' title='bbox 1279 4293 1367 4348; x_wconf 75' lang='lat' dir='ltr'>nolui.</span> 
     </span>
    </p>

    <p class='ocr_par' dir='ltr' id='par_1_6' title="bbox 336 4373 1054 4448">
     <span class='ocr_line' id='line_1_44' title="bbox 336 4373 1054 4448; baseline -0.008 -13"><span class='ocrx_word' id='word_1_366' title='bbox 336 4374 500 4435; x_wconf 81' lang='lat' dir='ltr'>3facu11da</span> <span class='ocrx_word' id='word_1_367' title='bbox 517 4391 570 4448; x_wconf 72' lang='lat' dir='ltr'>my.</span> <span class='ocrx_word' id='word_1_368' title='bbox 589 4376 713 4431; x_wconf 77' lang='lat' dir='ltr'>Pitheci:</span> <span class='ocrx_word' id='word_1_369' title='bbox 732 4373 882 4432; x_wconf 89' lang='lat' dir='ltr'>foecundo</span> <span class='ocrx_word' id='word_1_370' title='bbox 899 4377 961 4431; x_wconf 79' lang='lat' dir='ltr'>cod.</span> <span class='ocrx_word' id='word_1_371' title='bbox 979 4375 1054 4430; x_wconf 76' lang='lat' dir='ltr'>Saul.</span> 
     </span>
    </p>
   </div>
   <div class='ocr_carea' id='block_1_5' title="bbox 0 0 1498 5002">
    <p class='ocr_par' dir='ltr' id='par_1_7' title="bbox 0 0 1498 5002">
     <span class='ocr_line' id='line_1_45' title="bbox 0 0 1498 5002; baseline 0 0"><span class='ocrx_word' id='word_1_372' title='bbox 0 0 1498 5002; x_wconf 95' lang='lat' dir='ltr'> </span> 
     </span>
    </p>
   </div>
  </div>
 </body>
</html>
