2964 5002
167 341 229 408 400
499 332 725 410 cranemerae
749 357 977 402 srsnonmrsa
1042 334 1045 339 ’

135 494 143 509 ’
163 515 212 599 τίς,
222 512 333 572 aetatis
348 509 480 571 adhunc
492 529 601 592 purum
614 509 729 571 fontem
744 530 805 571 non
818 478 950 571 rediisse
967 508 1023 572 sed
1040 510 1200 591 vulgatam
1214 512 1309 573 vitam

164 616 243 676 mira
263 612 404 674 socordia
424 631 619 693 propagasse.
655 621 748 692 atque
770 608 847 672 adeo
877 613 989 687 nestris
1011 612 1216 692 temporibus,
1245 615 1310 696 qui·

164 716 221 777 bus
235 714 366 776 Rothins
384 715 416 774 in
437 713 572 774 editione
588 712 718 774 Suetoni
732 712 951 775 Teubneriana
964 735 993 794 p.
1009 723 1063 779 296
1081 716 1248 776 veritatem
1266 717 1309 777 iu·

166 817 296 891 dicavit,
317 813 429 876 accidit
439 824 473 876 ut
487 813 523 875 (i.
542 813 580 877 G.
592 812 758 887 Mttllerus,
774 835 842 875 cum
856 816 889 875 in
899 826 1121 896 programmate
1132 808 1309 898 Rndolpho·

165 916 285 1000 polensi
306 937 333 979 a
358 925 424 983 rest
454 936 557 981 veram
580 917 675 976 vitam
698 934 738 976 ex
758 914 881 991 codice,
910 937 970 999 quo
991 918 1107 979 Daniel
1130 938 1205 979 usus
1235 927 1310 993 erat,

167 1019 288 1095 ederet,
304 1017 434 1080 eandem
449 1037 484 1081 se
498 1017 573 1081 dare
586 1025 723 1098 putaret,
744 1037 824 1101 quse
840 1016 873 1079 in
887 1018 1056 1103 Bprmsnni
1070 1019 1309 1100 Vergiliolege·

166 1131 258 1185 retur.

168 1210 171 1219 ¹
251 1224 340 1285 Talis
363 1223 548 1304 vituperatio
568 1241 631 1283 non
646 1207 737 1283 wcadit
761 1223 795 1283 in
815 1222 913 1283 virum
935 1243 1006 1284 mea
1030 1221 1125 1285 laude
1153 1224 1311 1303 maiorem,

167 1330 192 1391 L
207 1328 258 1389 Fr.
280 1324 485 1397 Gronovium,
507 1324 559 1404 qui
580 1324 612 1384 in
630 1324 711 1385 notis
732 1322 772 1385 ad
792 1324 886 1385 vitam
902 1345 922 1383 a
939 1323 1114 1385 Burmanuo
1133 1325 1227 1387 editis
1244 1324 1310 1386 vui·

168 1438 240 1511 gato
257 1425 401 1507 exemplo
415 1432 519 1505 spreto
530 1424 726 1487 Danielinam
740 1427 837 1487 vitam
850 1434 1011 1509 tantopere
1025 1425 1193 1489 admiratus
1208 1428 1263 1501 sit,
1279 1437 1313 1487 ut

167 1531 346 1594 Suetonium
363 1528 431 1589 eius
454 1534 608 1588 auctorem
624 1525 782 1607 adpellare
802 1547 864 1593 uon
880 1527 1073 1589 dubitaverit.
1104 1548 1187 1611 qnae
1205 1529 1313 1589 summi

167 1633 227 1695 viri
239 1631 371 1713 euspicio
389 1648 446 1691 nes
460 1636 564 1689 monet
583 1635 618 1687 ut
636 1628 840 1711 inquiramus,
861 1648 933 1690 num
955 1638 1041 1695 recte
1055 1630 1214 1701 Donatum
1228 1633 1312 1692 ritae

167 1735 347 1814 scriptorem
367 1729 467 1791 adhuc
485 1729 758 1791 nominaverimus:
787 1740 895 1811 postea
914 1738 1033 1813 tempus
1056 1732 1116 1791 erit
1135 1731 1313 1813 interpolati

168 1834 303 1914 exempli
320 1832 453 1910 origines
470 1830 643 1892 inlustrare.
664 1830 784 1915 allibris
800 1833 892 1911 igitur
905 1832 1022 1893 nullum
1033 1831 1099 1895 fers
1115 1842 1233 1895 certum
1247 1836 1313 1915 peti

166 1945 269 2017 potest
279 1941 505 2012 argumentum,
519 1933 690 2013 inquorum
705 1933 861 2016 plerisque
874 1934 957 1995 uitae
968 1934 1150 2016 simpliciter
1164 1936 1312 1998 inscriba-

166 2048 215 2099 tur
234 2037 348 2112 Virgilii
360 2038 431 2093 utta.
458 2034 491 2093 in
505 2052 567 2093 une
581 2040 685 2095 tamen
691 2034 844 2096 Vaticano
862 2032 969 2097 codice
983 2036 1078 2097 'I'hilo
1089 2056 1123 2098 se
1137 2039 1314 2119 repperisse

168 2138 244 2199 dicit
268 2138 300 2197 V.
317 2156 346 2210 u,
366 2155 385 2194 u
400 2137 514 2195 Donato
531 2139 616 2196 editu.
652 2136 703 2197 cui
718 2136 909 2216 inscriptioni
925 2136 1017 2198 iidem
1038 2137 1114 2198 facit
1136 2138 1242 2217 glossa
1255 2140 1312 2200 Isi·

168 2239 235 2301 dori
249 2258 268 2299 a
282 2236 437 2299 Scriverio
455 2234 536 2319 apud
548 2236 756 2298 Burmannum
770 2237 885 2299 anthol.
902 2238 956 2300 lat.
970 2239 987 2300 1
1000 2259 1031 2318 p.
1047 2247 1101 2305 369
1120 2239 1163 2301 ad
1183 2240 1314 2303 eandem

168 2341 377 2424 quaestionem
390 2337 571 2400 solvendam
586 2339 723 2419 prolata:
751 2343 917 2401 lenociniis.
937 2342 1087 2401 Donatus:
1097 2346 1315 2417 pronunciabat

63 2528 66 2535 Ι
168 2452 264 2505 uatem
288 2462 354 2503 cum
379 2446 523 2503 suauitate
547 2461 614 2502 suas
640 2440 743 2522 (immo
770 2438 844 2520 tum)
871 2446 1014 2503 Ducentis
1040 2448 1128 2503 anm.
1171 2445 1314 2523 leguntur

169 2548 250 2608 enim
265 2546 343 2605 haec
360 2544 392 2603 in
412 2544 478 2603 vita
501 2542 609 2603 eudem
622 2543 700 2604 ad‘co
715 2544 887 2623 corruptela
905 2544 1038 2624 insignia
1051 2564 1080 2625 p.
1094 2553 1145 2619 61,
1160 2554 1234 2628 tsq.
1259 2545 1313 2607 aed

169 2650 262 2709 etiam
281 2664 362 2707 nunc
381 2644 553 2724 ambignum
569 2653 631 2721 est,
650 2666 739 2727 quem
759 2646 914 2706 Donatum
932 2645 1116 2724 intellegere
1137 2645 1314 2723 debeamus,

170 2771 237 2812 curn
250 2749 309 2809 duo
324 2749 514 2825 grammatici
527 2745 614 2807 nobis
629 2749 692 2807 noti
710 2748 785 2822 sint,
803 2746 912 2827 quibus
927 2745 985 2807 hoc
996 2767 1107 2807 nomen
1122 2748 1227 2809 fuerit.
1238 2770 1314 2811 unus
1365 2766 1369 2773 ·

169 2859 217 2912 est
229 2848 444 2909 celeberrimus
451 2849 578 2908 Terenti
590 2849 756 2928 interpres,
770 2869 860 2930 quem
868 2848 1077 2928 Hieronymus
1089 2859 1124 2909 ut
1137 2853 1314 2930 magistrum

170 2972 257 3013 suurn
280 2949 488 3030 praedicavit:
518 2950 651 3010 eundem
671 2950 789 3011 scholia
810 2953 841 3010 in
864 2949 984 3029 Vergili
1003 2951 1145 3011 bucolica
1169 2962 1202 3011 et
1227 2974 1314 3031 geor-

169 3056 239 3132 gica
267 3052 427 3132 scripsisse
455 3071 471 3112 e
496 3052 604 3114 Servio
627 3051 779 3113 discimus.
817 3052 943 3113 alterius
972 3061 1058 3113 extet
1082 3056 1315 3116 commentarius

169 3153 328 3215 Aeneidos
355 3152 394 3213 ab
423 3153 503 3213 omni
527 3154 673 3235 antiquae
701 3155 879 3215 eruditionis
904 3155 1049 3237 momoria
1076 3157 1315 3236 remotissimus,

170 3258 254 3318 cuius
277 3256 401 3335 plenum
423 3274 533 3316 nornen
554 3255 603 3313 Ti.
618 3255 764 3315 Claudius
780 3258 921 3316 Donatus
940 3256 1006 3315 fuit.
1035 3256 1118 3317 hunc
1139 3277 1215 3319 vero
1233 3261 1316 3320 vitae

169 3360 350 3440 scriptorem
376 3376 443 3417 esse
464 3357 538 3416 satis
559 3357 635 3416 mira
649 3359 805 3417 sententia
820 3357 878 3417 tuit
900 3355 1014 3435 Georgi
1031 3357 1172 3431 Fabrici,
1194 3363 1262 3440 qui,
1284 3371 1318 3421 nt

168 3481 226 3522 nec
245 3459 352 3520 titulus
371 3458 574 3538 interpolatae
589 3459 673 3518 vitae
689 3459 926 3538 interpolatione
942 3469 1063 3534 careat,
1089 3462 1318 3542 inscriptionem

172 3561 380 3622 commentarii
402 3561 484 3620 illius
507 3561 640 3619 imitatos
663 3579 731 3619 cum
752 3563 796 3620 sic
814 3559 925 3620 edidit:
960 3564 1066 3620 Tiberii
1079 3565 1193 3622 Claudii
1211 3566 1320 3622 Donati
1372 3640 1378 3649 ἱ

170 3667 209 3722 ad
239 3667 297 3721 Tib.
327 3664 475 3722 Claudium
503 3664 664 3722 Maximum
692 3660 886 3722 Donationum
913 3666 1003 3737 silium
1031 3667 1066 3722 de
1095 3666 1166 3723 Pub.
1204 3667 1320 3740 Vergilii

169 3766 300 3823 Maronis
316 3769 381 3823 citu.
413 3763 494 3843 quod
510 3783 613 3826 omnes
630 3762 777 3844 deinceps
794 3764 926 3824 editores
942 3773 1133 3845 receperent.
1166 3764 1223 3825 sed
1240 3765 1319 3825 haec

171 3866 346 3924 coniectura
361 3884 427 3925 cum
442 3885 499 3945 per
514 3886 547 3925 se
563 3868 637 3927 satis
653 3865 853 3946 improbabilis
870 3866 910 3925 sit
924 3875 986 3926 tum
1002 3865 1198 3945 redarguitur
1213 3870 1317 3928 certis·

168 3966 252 4026 simis
269 3964 358 4025 Servi
377 3968 557 4028 testimoniis
579 3969 617 4028 ab
639 3967 747 4027 codem
769 3968 923 4029 Scriverio
945 3966 1107 4042 adhibitis,
1132 3969 1244 4048 quibus
1267 3970 1318 4030 de·

170 4075 352 4128 monstretur
372 4068 528 4129 Donatum
554 4070 636 4130 vitae
658 4071 837 4149 scriptorem
862 4089 931 4130 esse
955 4070 1110 4130 Donatum
1137 4070 1225 4130 illum
1248 4070 1319 4132 Ser·

169 4171 221 4229 vio
241 4170 448 4251 antiquiorem.
479 4190 610 4250 namque
631 4172 696 4230 vita
717 4170 851 4230 inlibris
873 4173 1071 4250 anteponitur
1092 4182 1265 4232 commento
1281 4171 1320 4232 de

169 4271 256 4350 poesi
284 4270 424 4331 bucolica
449 4269 549 4352 deque
578 4273 757 4351 Vergiliana
785 4272 944 4332 Theocriti
974 4273 1151 4332 imitatione.
1197 4274 1230 4332 in
1259 4294 1320 4353 quo

168 4372 323 4450 leguntur,
338 4368 557 4453 quasServius
570 4374 601 4434 in
616 4373 771 4454 prooemio
787 4371 827 4434 ad
838 4372 979 4434 bucolica
994 4373 1152 4433 Donatum
1166 4372 1207 4434 de
1222 4377 1320 4455 primo
