2964 5002
559 391 600 434 nn
619 392 707 435 suso
727 395 931 436 nouasoavsr
1186 395 1189 400 ·
1253 377 1311 441 153

168 537 249 603 hunt.
282 537 429 603 Romani
451 548 563 604 autern
587 563 607 617 a
628 540 736 606 medio
754 543 859 606 noctis
882 542 960 607 oriri
983 541 1069 608 diem
1090 545 1205 609 uolunt
1227 547 1312 610 etin

167 645 266 712 medio
286 647 397 711 noctis
419 645 521 711 finiri.

167 889 253 954 etqui
272 894 317 939 est
339 894 406 953 post
423 886 568 938 Kalendas
586 888 646 938 dies
665 892 729 937 ante
754 887 848 937 horam
867 888 927 937 eius
949 887 1006 937 diei
1024 894 1138 938 sextam.
1180 889 1310 952 populum

167 964 251 1006 sutem
270 957 430 1006 Romanum
448 957 490 1006 ita
508 957 550 1004 uti
568 956 654 1006 Varro
673 957 743 1005 dixit
766 956 826 1005 dies
844 955 967 1021 singulos
986 957 1165 1006 adnumerare
1185 972 1201 1004 n
1219 957 1310 1006 media

166 1030 240 1075 noete
259 1024 297 1072 ud
316 1024 439 1074 mediam
457 1025 624 1088 proximam,
650 1024 743 1073 multis
762 1024 930 1087 argumentis
949 1026 1111 1073 ostenditur.
1147 1040 1229 1073 sacra
1246 1029 1310 1074 sunt

165 1092 286 1143 Romam
310 1092 416 1157 partim
440 1092 540 1141 diurna
558 1092 615 1141 alia
633 1097 781 1151 nocturua3
805 1092 853 1142 sed
877 1107 911 1141 ea
935 1108 1004 1156 quae
1024 1094 1097 1141 inter
1114 1097 1223 1141 noctem
1241 1092 1310 1142 liunt

165 1159 258 1209 diebus
282 1160 454 1209 addicuntur
477 1175 531 1208 non
554 1160 694 1220 noctibus;
715 1159 900 1226 'quae'igitur
923 1176 970 1221 sex
993 1160 1193 1225 posterioribus
1220 1161 1310 1209 noetis

164 1227 232 1277 loris
250 1227 338 1282 liunt.
364 1244 398 1278 eo
421 1228 466 1277 dic
485 1227 545 1277 fieri
563 1227 704 1288 dicuntur,
725 1229 771 1292 qui
789 1229 927 1293 proximus
945 1243 1005 1276 earn
1023 1234 1133 1277 noctem
1152 1227 1307 1277 inlucescit.

165 1295 260 1346 adhoc
279 1296 353 1346 ritus
371 1311 480 1360 quoqne
500 1301 528 1345 et
546 1310 604 1344 mos
623 1296 786 1361 auspicandi
805 1296 919 1345 eandem
940 1312 1000 1345 esse
1022 1296 1245 1345 absentationem
1263 1295 1308 1346 do·

165 1369 221 1413 cet:
240 1372 309 1414 nant
327 1364 519 1429 magistratus,
539 1363 646 1427 quando
664 1380 717 1413 uno
736 1363 781 1413 die
800 1365 840 1414 eis
859 1363 1056 1429 auspicandum
1075 1368 1118 1413 est
1136 1368 1164 1412 et
1182 1362 1208 1411 id
1228 1378 1311 1428 super

165 1447 212 1496 quc
231 1431 456 1497 suspicauerunt
475 1431 626 1497 agendum,
651 1432 847 1497 postmodium
866 1438 974 1481 noctem
993 1432 1173 1496 auspicantur
1197 1437 1224 1479 et
1247 1435 1310 1496 post

164 1499 305 1549 meridiem
325 1500 384 1549 sole
402 1515 504 1563 magno
523 1504 609 1562 agunt
627 1500 819 1564 arrspicatique
846 1515 906 1549 esse
930 1505 958 1548 et
983 1501 1074 1564 egisse
1093 1500 1189 1548 eodem
1207 1499 1252 1548 die
1270 1499 1310 1548 di·

166 1574 270 1617 cuntur.
295 1570 459 1632 'praeterea
477 1567 580 1616 tribuni
599 1567 700 1631 plebei,
722 1583 789 1631 quos
802 1567 905 1617 nullum
923 1568 996 1616 diem
1015 1568 1113 1616 abesse
1127 1568 1213 1616 Roma
1231 1566 1307 1629 licet,

166 1650 222 1685 tum
240 1640 305 1701 post
324 1635 443 1684 mediam
462 1639 570 1684 noctem
589 1635 800 1699 proficiscuntur
819 1641 847 1685 et
864 1641 925 1700 post
938 1636 1052 1700 primam
1067 1637 1156 1685 lacem
1176 1640 1240 1683 ante
1254 1650 1308 1683 me·

166 1703 234 1753 diam
253 1710 420 1768 sequentem
439 1707 622 1764 reuertuntur,
642 1718 695 1752 non
708 1703 836 1752 uidentur
854 1704 959 1752 afuisse
977 1718 1060 1751 unum
1079 1703 1161 1761 diem,
1180 1702 1309 1766 quoniam

166 1778 226 1821 ante
249 1771 350 1823 boram
372 1771 464 1820 noctis
488 1776 593 1819 sextam
618 1772 737 1835 regressi
761 1776 840 1836 parte
864 1771 959 1834 aliqua
983 1770 1057 1820 illius
1081 1771 1109 1818 in
1132 1769 1199 1819 urbe
1223 1771 1309 1819 Roma

165 1844 233 1887 sunt.
271 1839 306 1900 Q.
326 1853 434 1902 quoque
453 1837 806 1896 Muciumiureeonsultum
830 1838 923 1888 dicere
946 1838 1057 1887 solitum
1080 1838 1152 1902 legi,
1175 1853 1229 1886 non
1248 1853 1309 1887 esse

165 1912 324 1971 usurpatam
343 1905 500 1963 mulierem,
526 1920 595 1968 quac
620 1921 680 1954 eum
699 1904 834 1955 Kalendis
852 1906 989 1956 Ianrmriis
1013 1907 1085 1970 apud
1108 1907 1196 1954 uirum
1215 1906 1309 1954 matri·

167 1975 246 2023 monii
266 1988 355 2022 causa
373 1988 435 2023 esse
454 1972 593 2036 coepisset
616 1980 681 2022 anta
704 1974 777 2023 diem
795 1974 852 2023 1111
871 1972 1011 2029 Kalendas
1029 1974 1175 2023 lanuarias
1192 1989 1308 2037 sequen-

165 2048 204 2090 tes
219 2046 383 2106 usurpatum
402 2042 486 2089 isset:
506 2056 559 2089 nou
577 2042 650 2090 enim
667 2056 747 2106 posse
767 2041 875 2107 impleri
893 2042 1064 2102 trinoctium,
1085 2041 1156 2104 ‹prrod
1175 2042 1273 2090 abessa
1293 2056 1309 2089 a

166 2109 220 2157 sire
238 2108 392 2173 usurpandi
406 2122 493 2158 causa
506 2123 539 2157 ex
552 2108 693 2158 duodecim
708 2109 812 2158 tabulis
824 2109 947 2169 deberet,
962 2109 1090 2174 quoniam
1106 2109 1206 2158 tertiae
1219 2109 1309 2158 noctis

166 2177 326 2240 posterioris
348 2191 397 2225 sex
420 2175 507 2225 horae
530 2175 643 2225 alterius
666 2178 731 2226 anni
751 2183 853 2238 essent,
877 2179 923 2242 qui
946 2178 1083 2241 inciperet
1108 2193 1141 2226 ex
1163 2176 1307 2225 Kalendis.

166 2244 251 2293 istaec
271 2248 365 2293 autem
383 2244 478 2293 emnia
496 2242 529 2292 de
548 2243 651 2294 dierum
671 2245 839 2309 temporibus
862 2250 890 2294 et
913 2244 1013 2294 finibus
1035 2245 1068 2293 ad
1087 2245 1309 2294 obseruationem

165 2310 396 2376 disciplinamque
421 2311 490 2360 iuris
513 2312 620 2376 antiqui
643 2312 813 2376 pertinentia
837 2328 897 2361 eum
917 2314 946 2362 in
964 2312 1042 2362 libris
1060 2317 1184 2361 ueterum
1203 2312 1308 2360 inueni·

166 2394 261 2431 remus.
282 2393 337 2427 non
349 2377 551 2427 'dubitabamus
569 2381 634 2443 quin
648 2379 786 2444 Vergilius
805 2396 911 2445 qnoque
930 2380 957 2430 id
971 2381 1058 2445 ipsum
1072 2380 1234 2440 ostenderit,
1254 2395 1308 2428 nen

166 2447 288 2511 exposite
313 2452 396 2509 atque
421 2451 534 2511 aperte,
558 2448 605 2495 sed
629 2452 659 2495 ut
682 2447 816 2497 hominem
840 2448 934 2497 ‹lceuit
962 2450 1087 2512 poeticus
1110 2462 1154 2495 res
1179 2453 1308 2509 agentem

165 2514 308 2563 recondita
327 2519 354 2562 et
380 2515 459 2577 quasi
479 2518 575 2577 operta
599 2518 702 2564 ueteris
720 2515 1023 2578 ritus'signifieatione:
1048 2516 1184 2578 Torquet,
1209 2514 1308 2577 inquit,

165 2582 266 2631 medies
285 2597 339 2631 nox
357 2581 451 2630 umida
470 2596 564 2630 cursus
580 2580 585 2646 Ι
600 2583 637 2630 Et
659 2599 700 2631 me
725 2598 825 2631 suerrus
849 2585 927 2646 equis
951 2585 1043 2632 oriens
1062 2582 1170 2630 uitiauit
1190 2581 1308 2630 anhelis.

165 2649 204 2698 his
222 2651 297 2698 enirn
317 2649 445 2698 uersibus
463 2649 573 2712 oblique
592 2651 675 2698 sicuti
694 2650 750 2698 dixi
770 2651 915 2700 admouere
935 2651 1035 2709 uoluit,
1061 2649 1132 2698 diem
1157 2664 1236 2712 ‹prrem
1255 2649 1307 2697 lto-

165 2718 235 2766 muni
262 2716 374 2766 ciuilem
395 2716 607 2781 appellauerunt
631 2734 647 2766 a
671 2724 748 2766 sexta
767 2719 855 2766 noetis
874 2719 940 2767 imru
964 2717 1048 2767 oriri.'
1085 2717 1231 2781 exscripsit
1249 2716 1308 2764 tta-

165 2786 273 2834 trobius
296 2790 350 2833 sat.
375 2784 387 2831 I
410 2784 439 2843 3,
464 2784 480 2831 2
504 2799 561 2848 sqq.
586 2785 697 2834 Servius
720 2787 787 2833 Aen.
812 2786 835 2831 V
859 2786 1012 2839 738:.‘hic
1037 2791 1127 2834 urrtern
1151 2784 1210 2833 dies
1235 2783 1308 2844 (etei-

164 2853 208 2911 h's)
226 2852 378 2902 secuudum
398 2852 549 2915 Aegyptios
568 2853 679 2903 inchoat
698 2854 732 2901 ub
752 2869 853 2902 occasu
872 2854 952 2909 solis,
975 2853 1124 2902 secumdum
1149 2853 1248 2901 l‘ersus
1273 2852 1307 2899 ab

165 2930 221 2970 ortu
241 2920 319 2973 solis,
338 2920 487 2970 secundum
508 2920 621 2969 Vmbros
645 2927 672 2969 et
690 2921 873 2969 Athenienses
898 2937 914 2970 a
933 2928 1012 2970 sextu
1031 2921 1097 2969 hora
1116 2920 1184 2979 diei,
1210 2934 1307 2969 secun-

165 2988 223 3037 dum
243 2989 382 3037 Romanoa
401 3003 417 3036 a
436 2987 528 3035 media
546 2994 642 3037 nocte:
668 2995 696 3036 ct
713 2989 761 3037 hos
780 3004 856 3037 nune
870 2994 981 3037 secutus
1000 2989 1052 3036 uit:
1072 2989 1177 3037 Medius
1197 3004 1220 3036 e.
1241 3006 1266 3051 q.
1286 3003 1306 3035 s.

164 3055 231 3105 haec
257 3060 351 3105 sutem
369 3055 451 3119 plene
472 3057 615 3119 exequitur
634 3060 662 3104 et
680 3056 777 3104 Cicero
800 3058 827 3104 in
848 3055 1027 3119 arrguralibus
1052 3063 1079 3104 et
1097 3056 1182 3104 nulus
1202 3054 1308 3103 Gellius

165 3124 289 3173 inlibris
309 3124 429 3172 noctium
450 3122 613 3172 Atticarum.
650 3123 700 3172 hoc
719 3125 802 3171 etiam
822 3122 872 3171 illa
890 3139 934 3171 res
948 3124 1013 3171 iuris
1027 3124 1143 3182 indicat,
1164 3124 1233 3186 ‹prrod
1247 3139 1307 3171 curn

164 3193 301 3240 tribunum
321 3190 410 3254 plebis
430 3190 580 3239 abnoctare
601 3191 635 3238 ah
649 3191 714 3239 urbe
728 3207 782 3239 nun
795 3191 903 3245 liceret,
923 3191 1028 3240 licebat
1047 3198 1139 3239 taruen
1159 3192 1233 3239 exire
1247 3196 1308 3255 post

165 3268 270 3309 noctem
291 3259 408 3308 mediam
428 3263 456 3306 et
475 3265 539 3307 ante
558 3258 676 3306 mediam
696 3257 817 3307 reuerti.'
872 3260 984 3307 Servius
1002 3258 1069 3306 rien.
1090 3259 1126 3306 t'l
1139 3258 1202 3306 255:
1223 3258 1305 3306 ‘lescu-

166 3332 206 3376 tus
230 3332 273 3376 est
296 3326 446 3375 secundum
471 3326 620 3374 Romanum
645 3327 736 3381 ritum,
761 3342 813 3390 quo
836 3327 895 3374 dies
919 3327 1039 3375 ereditur
1063 3342 1079 3374 a
1102 3326 1191 3374 medio
1218 3327 1308 3374 noctis

165 3393 312 3460 incipe-re.'
349 3394 514 3443 Censorinus
537 3392 583 3453 23,
608 3392 624 3441 3
648 3410 719 3458 sqq:
757 3393 933 3442 ‘Huiusmodi
957 3392 1059 3453 (ciuilia)
1083 3393 1142 3442 dies
1167 3393 1201 3441 ab
1222 3400 1307 3441 astro·

165 3462 232 3528 logis
256 3467 285 3512 et
310 3462 472 3511 ciuitatibus
495 3468 623 3524 quattuor
647 3462 733 3510 modis
756 3461 893 3509 definitur.
930 3461 1076 3523 Babylonii
1103 3461 1211 3523 quidem
1230 3477 1246 3508 a
1265 3477 1306 3508 so·

164 3530 197 3580 lis
224 3536 320 3579 exortu
348 3530 382 3578 ad
410 3534 531 3577 exortunr
557 3529 679 3577 eiusdem
704 3529 770 3577 astri
799 3528 871 3577 diem
894 3535 1063 3586 statuerunt,
1092 3534 1121 3576 at
1144 3529 1171 3576 in
1196 3528 1307 3576 Vmbria

165 3598 287 3662 plerique
307 3613 323 3646 a
341 3597 455 3646 meridie
475 3597 509 3645 ad
527 3597 678 3651 meridiem,
699 3596 883 3645 Athenienses
902 3604 993 3645 autem
1014 3596 1048 3644 nh
1068 3611 1169 3643 oecusu
1187 3595 1253 3643 solis
1273 3595 1308 3643 ad

165 3681 300 3714 occasum.
337 3671 460 3713 ceterum
479 3664 594 3712 Romani
613 3681 630 3712 a
648 3665 739 3713 media
753 3670 833 3712 noete
853 3665 888 3712 ud
901 3666 1018 3713 mediam
1032 3670 1140 3712 noctem
1159 3663 1230 3710 diem
1247 3679 1307 3711 esse

166 3734 363 3782 existimarunt.
402 3731 505 3780 indicio
529 3738 590 3780 sunt
616 3747 697 3781 sacra
720 3731 834 3795 publica
858 3737 885 3780 et
914 3733 1040 3796 auspicia
1060 3731 1142 3779 etium
1162 3731 1307 3794 magistra·

166 3807 245 3853 tunm.
266 3815 379 3864 qrrorum
398 3801 421 3848 si
442 3800 505 3863 quid
526 3805 590 3848 aute
609 3801 726 3848 medium
745 3800 834 3849 noetis
854 3804 895 3848 est
909 3808 1008 3853 actrun.
1030 3799 1084 3848 diei
1104 3798 1150 3860 qui
1163 3798 1309 3861 praeteriit

167 3869 342 3924 miseribitur,
368 3869 393 3916 si
418 3867 484 3930 quid
503 3872 594 3916 auteur
618 3873 678 3931 post
702 3868 818 3916 mediam
838 3874 945 3916 noctem
966 3875 992 3915 el
1012 3874 1076 3915 urite
1096 3865 1184 3913 luceru
1205 3866 1308 3913 factum

167 3943 218 3995 est,
246 3953 278 3985 ee
302 3937 345 3985 dic
371 3939 479 3997 gestum
503 3935 603 3984 dicitur
627 3937 673 3998 qui
699 3951 759 3982 enm
784 3936 906 3998 sequitur
924 3941 1040 3984 uectem.
1077 3934 1148 3982 idern
1168 3933 1309 3996 signifieat

166 4003 232 4066 qnod
252 4005 297 4067 qui
317 4020 333 4052 a
352 4002 445 4051 nrediu
464 4008 544 4051 nocte
564 4002 598 4051 ud
617 4003 766 4066 proximam
786 4004 902 4052 inediam
917 4009 1025 4052 nectem
1040 4003 1066 4050 in
1086 4001 1128 4049 his
1141 4000 1216 4048 horis
1231 4006 1307 4063 qunt-

166 4077 223 4120 tuor
246 4078 274 4119 et
296 4071 398 4137 uiginti
424 4077 573 4118 nascuntur
599 4071 712 4119 eundern
739 4071 810 4118 diem
833 4070 937 4119 hahent
962 4067 1102 4119 nataleru.’
1150 4066 1255 4115 l‘linins
1275 4067 1307 4115 N.

166 4138 198 4187 ll.
216 4140 252 4220 ΙΙι
263 4139 320 4189 188;
347 4140 456 4202 ‘ipsum
481 4139 553 4186 diem
577 4137 626 4187 ulii
650 4138 732 4186 aliter
751 4139 943 4186 obseruauere.
981 4136 1127 4201 Babylonii
1152 4135 1223 4183 inter
1241 4134 1307 4182 duos

168 4256 363 4266 —-—--—-.

167 4326 231 4380 lius:
243 4325 363 4385 tradunt
377 4323 492 4381 ABGM
505 4317 517 4401 ll
536 4333 546 4382 Ι
562 4342 580 4379 a
592 4318 708 4402 medio]
719 4320 819 4379 media
831 4327 855 4378 A
870 4317 883 4397 Η
900 4321 985 4379 orriri
998 4323 1021 4379 G
1036 4317 1050 4401 ll
1065 4320 1114 4379 dic
1132 4315 1171 4376 Βι
1189 4313 1203 4399 ΙΙ
1217 4329 1233 4379 ‘2
1247 4340 1307 4378 ruc-

168 4405 213 4465 dio
233 4411 376 4470 Grials'us:
393 4405 527 4465 medium
544 4409 658 4464 ABGM
674 4402 688 4489 Η
710 4405 799 4464 leniri
817 4401 854 4462 B¹
873 4404 960 4462 finire
980 4406 1014 4462 Μ
