2964 5002
165 361 227 427 300
372 376 491 420 carras
512 376 689 418 scarosva
711 374 868 418 venerare
892 372 1098 417 conscium

230 525 338 588 sidera
359 524 556 610 praecipitas
578 521 712 608 pelago,
735 522 929 608 intempeste
950 520 1149 586 Nouember.

271 634 306 690 tu
328 624 489 713 genialem
513 624 650 690 hiemem
672 621 756 690 feste
774 621 957 690 December
978 623 1060 708 agn.

702 824 779 878 trita

565 930 735 965 courosl'rno
754 930 911 966 nonencort

230 999 327 1095 Quos
343 1036 457 1078 cursus
476 1014 555 1077 solis
576 1015 716 1097 iungant
738 1035 798 1076 sna
818 1024 964 1100 tempora
986 1033 1134 1091 menses,
1174 1084 1176 1086 v

230 1116 373 1179 carmine
396 1136 499 1197 nunc,
523 1115 640 1194 lector,
662 1115 792 1200 paucis,
813 1114 965 1195 aduerte,
987 1112 1124 1177 docebo.

229 1218 327 1280 ianua
349 1238 435 1280 nunc
457 1218 535 1279 anni
558 1225 608 1279 est
631 1214 747 1296 Ianus,
772 1214 912 1303 finisque
934 1213 1133 1279 December:

230 1317 288 1381 hos
308 1339 436 1380 menses
456 1315 590 1405 paribus
609 1315 687 1380 solis
709 1325 794 1380 rotat
816 1314 924 1381 orbita
942 1316 1087 1403 punctis.

229 1440 313 1504 quae
333 1417 438 1481 uoluit
460 1418 624 1483 Februum
646 1416 852 1480 undecimum
873 1417 960 1500 regit
984 1416 1058 1501 ipsa
1078 1413 1334 1479 Nouembrerrr.⁵

229 1519 366 1583 Martius
385 1518 559 1582 Octobrem
582 1519 688 1604 spatio
711 1519 852 1583 conectit
871 1516 996 1581 eodem.

229 1633 297 1682 tum
324 1617 514 1704 Septembre
536 1619 596 1683 tibi
619 1621 652 1682 in
675 1618 846 1706 sphaeram
868 1619 1032 1680 concurrit
1053 1615 1191 1704 Aprilis.

229 1721 414 1804 Augustum
436 1718 543 1783 Maius
562 1729 674 1785 centro
696 1727 884 1805 prospectat
904 1717 946 1782 ab
968 1718 1052 1804 ipso.

228 1819 325 1884 Iunia
347 1819 525 1899 Quintilem
548 1820 709 1884 scandens
730 1820 831 1885 trahit
855 1817 961 1884 orbita
980 1839 1138 1882 mensem.

229 1943 311 2007 quae
336 1919 432 1985 horas
456 1918 520 1984 sibi
543 1924 744 2006 coniungant
766 1923 800 1984 in
821 1920 945 2003 fronte,
969 1919 1081 1984 uideto

229 2022 331 2086 lector
354 2030 385 2084 et
407 2022 440 2084 in
462 2023 588 2086 cunctis
611 2042 714 2109 aequo
737 2022 912 2088 obseruare
936 2029 1109 2086 memento.

229 2145 341 2188 mense
360 2123 448 2188 omni
466 2125 573 2208 prima
592 2124 786 2189 undecimae
808 2125 1017 2210 coniungitur
1038 2123 1156 2187 horae:

229 2224 306 2288 hine
327 2224 451 2288 umbris
474 2223 633 2288 decimam
655 2226 757 2289 nectit
778 2245 943 2312 cursuque
967 2223 1122 2288 secunda.

228 2327 326 2390 tertia
348 2346 425 2389 mox
446 2347 564 2390 nonam
589 2328 718 2413 punctis
742 2324 970 2411 complectitur
990 2324 1106 2395 isdem.

229 2436 365 2491 octenae
386 2427 509 2512 pariter
527 2428 729 2513 praecedens
750 2435 867 2512 quarta
888 2426 1050 2491 cohaeret

230 2529 376 2614 quintam
398 2527 608 2615 subsequitur
629 2550 763 2593 numero
785 2536 859 2615 poet
880 2529 1019 2614 septima
1040 2528 1138 2590 insto.

231 2629 301 2692 sola
321 2650 397 2694 snas
420 2638 544 2692 tantum
567 2651 735 2694 mensurae
757 2638 851 2694 sexta
873 2637 1025 2692 retentat.

166 2734 367 2745 ......--——-

174 2773 261 2838 Voss.‚
280 2772 362 2838 Put.,
382 2773 506 2830 Claram.
524 2769 649 2829 octuber
666 2775 814 2844 antiquiss.
832 2773 943 2828 Aesoni
957 2776 1035 2837 cod,
1057 2773 1134 2828 Vasa.
1156 2770 1313 2829 uctnmber

167 2856 303 2911 Pithoeus
323 2850 336 2934 Η
360 2865 388 2915 ll
407 2856 608 2934 intempestae
629 2860 777 2929 antiquiss.
793 2859 903 2914 Ausoni
920 2860 980 2913 cod.
1005 2858 1097 2925 Vasa,
1121 2856 1247 2913 Claram.
1269 2856 1312 2913 in·

166 2949 317 3014 tempesta
333 2943 414 3012 culpo
429 2936 442 3016 Η
461 2949 491 2998 ta
510 2950 542 2998 tu
559 2941 710 3017 genialem
727 2942 856 2999 hiemem
874 2943 954 2998 feste
969 2939 1144 2998 December·
1161 2941 1228 3015 agis
1244 2945 1312 2997 edit.

166 3027 289 3091 Arasoni,
320 3024 450 3096 Scaiiqer
469 3025 606 3083 imbrifer
631 3024 792 3103 (ymbrifer
816 3025 955 3098 Claram.)
977 3039 1025 3083 ast
1048 3026 1162 3082 mensis
1186 3033 1313 3103 tumque

165 3105 340 3165 December
367 3107 455 3165 adest
482 3111 632 3181 Pithoeus,
662 3112 784 3168 Olorem.
814 3108 950 3167 imbrifer
974 3118 1023 3167 ast
1044 3110 1158 3167 mensis
1186 3118 1313 3187 tumque

165 3190 339 3250 December
360 3191 448 3250 adest
468 3198 600 3252 nonnulii
619 3199 682 3252 cod.
705 3191 717 3274 Η
742 3200 818 3252 119α
839 3197 1008 3268 Autholoqia
1029 3198 1118 3251 latina
1140 3197 1184 3250 ed.
1207 3195 1312 3250 Burin.

174 3277 273 3333 Vtra
295 3282 340 3336 etl.
362 3278 471 3350 Meyer.
498 3285 562 3336 389.
583 3312 626 3322 —-
650 3282 727 3337 ‘Sub
741 3283 820 3336 titulo
843 3297 949 3336 aenan
977 3296 1176 3338 coneosmto
1207 3296 1313 3337 noso·

166 3377 257 3418 noan
276 3365 364 3420 edidit
385 3364 519 3421 Pithoeus
539 3383 568 3435 p.
592 3370 652 3421 488
673 3368 717 3422 ed.
743 3365 838 3420 Paris.
872 3380 995 3422 versvs
1017 3380 1121 3422 nonar
1142 3380 1251 3421 sanas
1269 3381 1311 3421 aa

168 3463 414 3504 consonarcnvn
434 3465 648 3506 nononomva
667 3452 834 3506 inscribitur
851 3451 880 3505 in
898 3453 959 3505 eod.
977 3450 1006 3504 S.
1027 3451 1172 3505 Germani.
1207 3447 1311 3505 “uete-

166 3534 207 3587 ris
223 3539 324 3601 poetae
336 3536 417 3603 apud
433 3533 568 3590 Bettam''
586 3538 694 3591 iactauit
710 3536 839 3606 Scatiper
850 3537 879 3589 in
894 3535 1058 3604 exemplari
1071 3535 1134 3589 bibt.
1155 3533 1313 3589 Vindobon.

167 3616 264 3672 Bedae
281 3625 375 3674 tomen
392 3620 491 3674 tribuit
505 3623 589 3675 eham
604 3619 763 3675 Salmasius
776 3621 815 3674 ad
831 3620 956 3675 Setinum
976 3619 995 3673 1
1002 3637 1033 3689 p.
1049 3621 1132 3675 tetih
1147 3619 1196 3674 uhi
1211 3620 1247 3674 de
1262 3620 1312 3673 ha-

165 3702 281 3773 rotapiis
293 3705 475 3773 antiquorum
491 3706 636 3760 disserens
652 3707 746 3760 addit:
762 3703 902 3759 “Extant
918 3720 1016 3760 uersus
1031 3704 1130 3758 Bedae
1149 3705 1314 3760 duratione

165 3789 354 3856 componendi
367 3787 521 3859 horotaqii,
546 3790 647 3860 quibus
663 3791 762 3844 eadem
781 3789 929 3845 methodus
944 3790 1062 3844 umbrae
1079 3803 1135 3858 per
1150 3790 1240 3858 pedes
1257 3804 1314 3843 me-

165 3872 282 3926 tiendae
300 3873 480 3941 explicatur,
506 3880 537 3927 ut
553 3892 571 3928 a
589 3874 720 3929 Palladio
741 3876 769 3928 in
784 3874 830 3928 tit.
843 3875 878 3928 de
898 3888 933 3928 re
948 3875 1057 3928 rustica
1073 3873 1221 3942 descripta
1236 3870 1315 3929 est.'’

165 3957 216 4012 sed
230 3958 367 4010 carminis
387 3956 473 4010 huius
489 3966 634 4013 auctorem
656 3973 718 4013 esee
741 3959 974 4014 Wandalbertam
995 3958 1195 4012 Prnmiensem
1216 3959 1315 4014 ‹haco-

165 4057 233 4095 num
251 4042 333 4095 docet
346 4041 499 4095 Fabricius
512 4043 576 4096 hihi.
592 4044 664 4097 med.
680 4049 707 4096 et
720 4042 773 4112 inf.
790 4045 838 4097 tat.
855 4042 874 4096 I
879 4059 911 4112 ρ.
922 4047 987 4109 521,
1004 4048 1036 4097 ut
1049 4061 1067 4097 a
1079 4041 1244 4098 Mahittouio
1256 4045 1315 4098 iam

165 4121 314 4180 natatum!
330 4124 520 4179 Burmannus
535 4118 548 4204 Η
563 4122 881 4186 §subnectitPithaeus
891 4130 920 4181 in
932 4145 986 4198 my.
1003 4129 1128 4197 exempl.
1140 4127 1313 4182 aiot.t>ara.

167 4201 181 4286 Η
197 4213 212 4266 7
226 4215 288 4263 tum
301 4205 355 4264 tihi
371 4206 544 4283 septembre
555 4211 691 4266 Pithoeus
704 4213 733 4266 iu
750 4229 803 4283 my.
819 4204 832 4289 Η
851 4208 936 4266 iunia
948 4212 1135 4267 Casauhonus
1149 4211 1179 4265 in
1190 4212 1258 4266 iibri
1268 4215 1317 4265 sui

166 4309 219 4364 ηις.
237 4310 285 4362 ap.
304 4294 468 4349 Fabricium
484 4295 501 4348 t.
518 4311 562 4349 c.:
595 4293 688 4350 ianua
707 4295 842 4351 Pithoeus
858 4288 870 4373 Η
888 4304 920 4353 10
935 4294 1027 4351 horas
1043 4295 1181 4351 Pithocm
1195 4297 1224 4350 in
1240 4312 1316 4367 rna:

167 4392 234 4431 oras
252 4379 334 4450 eulpa
354 4370 367 4454 Η
388 4396 447 4454 quo
467 4376 593 4452 iungant
610 4379 747 4434 Pithoeus
760 4381 789 4435 iu
805 4397 859 4451 ma.
883 4373 896 4458 Η
920 4389 946 4438 lt
965 4378 1043 4435 haec
1058 4380 1194 4436 Pithoeus
1207 4382 1237 4436 in
1256 4397 1313 4453 my.
