2964 5002
679 383 837 425 subnuba
1263 391 1332 435 xvn

179 529 243 581 lium
261 531 338 581 illum
349 530 451 581 Suram
465 546 496 581 ι.
514 529 550 583 85
560 546 587 597 p.
602 530 665 582 Chr.
686 532 737 583 illa
754 533 907 597 scripsisse.
938 536 1041 585 etenim
1060 551 1121 586 cum
1138 538 1212 589 inter
1230 555 1330 591 annum

179 614 212 665 :to
228 617 248 667 i,
267 631 292 664 e.
311 615 404 665 Vinici
422 615 600 667 consulatum
620 620 649 666 et
666 616 695 666 id
712 621 819 682 tempus
838 633 890 682 quo
909 619 996 668 Ninus
1021 635 1111 672 rerum
1125 624 1232 687 potitus
1251 631 1294 675 est
1314 641 1331 674 a

179 699 286 749 Velleio
307 699 373 750 1940
392 701 460 751 anni
478 701 640 751 interfuisse
660 701 799 764 dicantur,
820 702 905 765 Sura,
926 704 971 767 qui
991 703 1071 754 ‘inter
1088 705 1148 756 hoc'
1167 708 1195 756 id
1214 714 1257 757 cst
1276 725 1329 773 quo

181 784 291 848 scripsit
308 790 418 850 tempus
444 790 472 834 et
490 785 558 834 Nini
577 790 697 835 aetatem
716 784 886 836 1111111995
909 789 1001 852 ponit,
1027 787 1060 837 55
1079 804 1166 839 annos
1184 796 1247 856 post
1264 793 1329 843 Vel·

179 866 264 918 leiurn
282 867 311 917 id
335 867 430 918 11185
452 885 479 934 p.
501 868 565 919 Chr.
584 869 633 920 illa
651 859 809 936 conposuit.
846 871 895 921 sed
918 872 1044 936 quisnam
1063 878 1106 922 cst
1128 874 1176 924 ille
1195 876 1328 925 Aemilius

180 951 267 1001 Sara?
296 967 368 1003 unus
385 952 502 1019 Lipsius
521 951 554 1003 de
579 954 711 1005 solvenda
729 954 781 1004 hae
799 955 962 1021 quaestione
981 959 1129 1020 cogitavit,
1156 975 1217 1009 cnm
1237 959 1276 1010 ita
1295 961 1330 1011 ad

180 1036 204 1084 h.
223 1035 243 1087 1.
262 1037 376 1086 scribit:
412 1053 464 1088 non
481 1040 598 1102 repperi.
634 1040 681 1089 boc
707 1045 814 1097 tantam,
837 1041 862 1088 in
886 1041 964 1089 Plinii
980 1041 1103 1092 indicibas
1126 1046 1260 1109 aliquoties
1277 1049 1330 1095 imt-

181 1122 238 1169 dari
255 1121 390 1170 thunitiam
408 1123 510 1172 Suram.
547 1123 623 1187 atqui
640 1121 743 1187 legitur
761 1138 831 1171 nunc
845 1123 984 1174 Mamilius
1002 1125 1086 1188 Sura,
1106 1128 1152 1190 qui
1171 1128 1205 1176 de
1223 1131 1329 1181 naturis

180 1204 342 1254 animalium
359 1207 506 1271 scripsisse
524 1207 639 1257 videtur.
669 1208 726 1256 iam
744 1223 810 1257 vero
828 1222 881 1257 uno
894 1207 969 1270 loco,
988 1210 1035 1259 ubi
1054 1210 1117 1261 libri
1135 1212 1259 1278 plerique
1271 1214 1329 1264 Ma-

179 1291 258 1338 nii'ms
275 1289 409 1353 produnt,
428 1290 553 1355 Silligius
570 1290 750 1355 inprudenter
767 1293 889 1341 elianilins
906 1296 1041 1357 reposuit,
1067 1295 1263 1361 chronologica
1283 1315 1328 1348 ea-

182 1373 296 1438 demque
316 1374 434 1439 physica
451 1375 594 1424 1111111111
613 1375 734 1425 eiusdem
754 1392 771 1425 a
788 1375 878 1426 Plinio
896 1377 919 1426 X
939 1378 1001 1442 isq.
1020 1379 1148 1430 refertur:
1177 1385 1274 1445 primns
1291 1390 1329 1432 at-

180 1475 224 1524 que
237 1459 428 1523 ditipentissime
445 1465 589 1523 topatorum
606 1461 638 1509 de
651 1475 682 1510 ea
696 1457 855 1525 (phoenice)
871 1462 989 1524 prodidit
1007 1463 1134 1513 Manilius
1145 1465 1328 1527 senatorinon

181 1545 271 1608 inepte
296 1544 329 1593 L.
352 1543 437 1593 Inuus
456 1545 485 1594 iu
502 1543 555 1594 hcc
579 1543 675 1593 ‘Sura'
700 1559 851 1609 cognomen
876 1544 964 1594 latere
989 1547 1160 1611 suspicatur)
1178 1553 1219 1598 1111
1236 1566 1326 1600 manu-

180 1631 221 1678 ·'s
238 1629 332 1679 nchib's
348 1629 475 1679 doctrinis
493 1629 599 1679 doctore
616 1632 692 1678 nulio.
724 1629 823 1678 deinde
842 1630 940 1694 paucis
959 1631 1114 1683 interiectis
1132 1633 1166 1682 de
1185 1633 1328 1698 phoenicis

180 1719 291 1763 natura:
316 1729 371 1761 eum
387 1713 460 1763 lodus
478 1714 618 1763 emunita
629 1716 713 1778 mapni
730 1715 919 1764 conuersicnem
930 1717 991 1764 anni
1004 1718 1066 1778 fleri
1079 1719 1169 1781 prodit
1187 1719 1252 1767 idern
1267 1718 1326 1767 Mo-

178 1801 269 1856 aaa,
287 1799 427 1862 iterumque
444 1799 645 1862 sipnifieationes
662 1805 837 1863 tempestatum
855 1805 880 1848 et
897 1797 1009 1850 siderum
1027 1803 1129 1852 easdem
1145 1803 1254 1860 reuerti,
1279 1803 1327 1852 ltoc

178 1889 258 1932 arten
274 1884 348 1933 eirca
364 1884 494 1932 uridiens
511 1884 623 1948 incipere
642 1901 690 1948 que
708 1885 751 1933 die
768 1887 865 1948 sipnum
882 1887 971 1935 arietis
988 1890 1028 1936 soi
1051 1889 1186 1937 intruserit
1204 1894 1229 1937 et
1244 1888 1326 1950 [11111

177 1968 228 2017 eins
245 1969 424 2017 consentaneis
440 1984 532 2016 annmn
546 1969 674 2032 prodente
691 1983 719 2017 se
739 1969 769 2018 P.
788 1969 889 2019 Licinio
910 1970 953 2019 On.
975 1971 1091 2020 Cornelia
1117 1972 1260 2022 consulibus
1278 1973 1324 2021 dn-

177 2052 336 2101 eentesim
354 2054 465 2117 qstintnm
483 2053 617 2103 decumum.
641 2053 734 2116 itaque
754 2069 808 2101 nou
826 2053 967 2103 dubitabis
985 2070 1091 2104 mecum
1103 2055 1255 2106 Mamilium
1273 2056 1324 2107 Su·

176 2151 233 2185 ram
256 2137 286 2185 in
310 2137 434 2200 margine
459 2134 550 2186 Vellei
574 2151 707 2201 reponere
730 2152 779 2201 pro
803 2137 921 2187 Aemilio
944 2138 1015 2188 Sura
1037 2138 1147 2190 homine
1171 2141 1322 2206 incognito.

176 2219 230 2269 ism
248 2236 314 2270 vero
332 2219 474 2270 Mamilius
498 2219 567 2270 Sura
585 2220 632 2270 ille
652 2236 707 2270 non
725 2226 787 2285 post
801 2221 938 2272 Velleium
956 2222 1006 2273 sod
1024 2228 1089 2274 ante
1108 2239 1170 2274 eum
1189 2225 1249 2290 ipso
1267 2230 1322 2275 tes-

176 2309 252 2354 tante
275 2320 350 2355 anno
374 2304 449 2354 141
470 2303 1009 2372 01111111111111111111111111111111.
1045 2309 1111 2373 quid
1133 2309 1237 2375 igitur?
1264 2324 1322 2360 eor·

175 2391 266 2439 1111111
282 2395 378 2439 nostra
397 2388 567 2454 disputatio?
601 2390 727 2447 minime,
754 2389 834 2440 modo
854 2391 960 2440 Mamili
979 2391 1065 2442 Surae
1084 2393 1271 2443 testimonium
1293 2395 1322 2443 in

175 2474 260 2524 rerba
283 2476 320 2523 ad
338 2477 459 2538 poputum
482 2474 617 2524 Romanum
636 2477 756 2538 peruenit
780 2475 907 2525 desinere
931 2480 1093 2527 statuamus.
1135 2477 1191 2528 iarn
1214 2477 1322 2543 reliqua

176 2559 235 2608 eius
252 2574 315 2608 esse
334 2558 465 2623 adparet,
486 2559 532 2622 qui
544 2557 705 2607 Mamiliana
717 2558 825 2609 Velleio
839 2559 1000 2625 arlseripsit‚
1020 2566 1050 2609 ut
1062 2561 1187 2612 scholion
1200 2563 1236 2611 sit
1249 2577 1321 2611 anno

174 2640 207 2690 85
225 2659 250 2706 p.
271 2642 334 2692 Chr.
356 2642 510 2707 aquodam
530 2643 574 2706 qui
598 2643 821 2707 conputationem
840 2643 1014 2694 Velleianam
1040 2644 1075 2694 nd
1097 2661 1174 2694 suem
1199 2650 1320 2695 aetatem

175 2727 302 2790 produxit
320 2727 348 2776 in
366 2727 492 2792 margine
512 2728 553 2775 sui
573 2726 736 2791 exemplaris
756 2727 925 2778 adnotatum.
961 2732 1002 2780 sic
1028 2730 1111 2779 etiam
1129 2729 1215 2780 verba
1235 2729 1321 2780 ‘inter

176 2810 225 2861 hoc
245 2815 375 2877 tempus,'
395 2811 494 2876 quibus
507 2811 646 2860 Mamilius
658 2812 801 2861 obscurius
814 2827 890 2862 suam
905 2818 1025 2863 aetatem
1038 2814 1237 2879 significasset,
1259 2829 1320 2863 cum

176 2896 271 2945 eodem
290 2897 347 2946 inre
367 2895 402 2944 ad
417 2894 596 2959 Carthaginis
614 2896 749 2946 subactae
769 2903 875 2963 tempus
894 2898 1076 2960 referrentur,
1095 2900 1154 2949 sinc
1174 2899 1238 2948 ullis
1253 2899 1319 2949 arti·

176 2979 244 3029 ficiis
264 2980 405 3046 explicata
423 2986 497 3030 sunt.
528 2979 576 3029 sed
589 2981 672 3030 redeo
691 2981 726 3030 ad
739 2981 904 3044 illumilium,
925 2984 1003 3032 cuius
1015 2982 1080 3032 libri
1092 2984 1212 3033 indicem
1232 2983 1319 3033 codex

173 3064 363 3115 Maubai-cusis
388 3065 508 3130 prodidit
530 3065 617 3114 hunc:
660 3063 707 3114 ‘ds
731 3067 812 3115 annis
835 3066 928 3132 populi
952 3067 1089 3116 Romani‘.
1132 3083 1211 3133 quem
1236 3066 1318 3116 confl-

173 3150 269 3200 denter
287 3149 352 3198 olim
371 3150 412 3199 sic
437 3154 579 3201 exaratum
604 3164 664 3198 esse
689 3150 837 3211 contendo,
862 3168 923 3203 cum
948 3151 1056 3200 ‘annis'
1079 3151 1159 3201 nihili
1182 3153 1233 3202 sit:
1270 3152 1317 3201 ‘de

174 3250 244 3284 suno
263 3233 359 3300 populi
378 3234 508 3284 Romani·
527 3233 576 3296 (ci.
596 3233 695 3283 Suidss
713 3249 734 3284 s.
754 3251 779 3285 v,
795 3227 988 3302 Tpaipnviice:
1019 3233 1083 3299 aspi
1102 3233 1152 3288 τοῦ
1170 3229 1244 3287 κατὰ
1253 3227 1317 3289 Ῥω-

172 3319 274 3383 potuve
298 3310 433 3370 insector]
457 3327 485 3368 et
508 3317 654 3369 Suetonius
677 3334 703 3384 p.
730 3318 790 3380 lou,
815 3317 844 3368 o:
878 3322 1031 3385 principiam
1053 3327 1134 3370 antem
1157 3326 1218 3370 anni
1239 3324 1285 3371 aiii
1301 3337 1318 3368 a

173 3402 258 3452 brusca
274 3409 367 3467 putant
386 3409 413 3451 at
428 3405 537 3468 populus
554 3404 692 3464 Romanum
716 3404 757 3453 sic
776 3405 848 3454 enim
867 3405 979 3470 scripsi:
1003 3404 1067 3456 libri
1086 3406 1179 3469 inepte
1199 3406 1317 3470 produnt

169 3491 259 3551 popaii
270 3486 396 3550 Romami.
417 3488 584 3552 eundemque
597 3488 716 3538 indicem
730 3488 888 3538 Suetonium
901 3496 1001 3539 octavo
1013 3496 1151 3556 pratorum
1162 3489 1233 3539 libro
1246 3488 1315 3538 indi-

172 3571 242 3621 disse
262 3589 316 3622 non
336 3571 547 3637 inprobabiliter
558 3573 696 3638 suspicari
709 3572 812 3623 videor.
842 3573 929 3622 habes
948 3575 1034 3637 igitur
1051 3575 1140 3624 hancc
1160 3575 1315 3624 adnotatio·

170 3672 232 3707 nem
251 3657 287 3706 ad
304 3657 442 3706 l'cllcium
467 3673 491 3705 1,
510 3656 542 3706 85
560 3674 587 3723 p.
608 3657 671 3707 Chr.
698 3658 852 3722 adscripta:
889 3658 1017 3709 1111111111
1034 3658 1104 3708 Snra
1125 3661 1158 3708 de
1181 3675 1247 3708 anno
1268 3674 1316 3722 po·
1340 3671 1348 3684 ·

167 3745 223 3806 puli
239 3744 360 3792 tiemari:
397 3743 515 3804 ‘Assyrii
529 3743 661 3806 principes
679 3745 783 3792 omnium
799 3743 909 3806 pestium
927 3760 1010 3792 rerum
1025 3745 1105 3808 potiti
1126 3750 1195 3799 stent,
1224 3745 1315 3792 deinde

170 3827 256 3888 lieni,
275 3834 368 3891 postea
386 3827 497 3886 Persae,
521 3828 614 3878 deinde
633 3827 799 3876 Macedones.
836 3828 930 3877 exinde
953 3829 1048 3877 ditatus
1071 3829 1172 3892 repihns
1197 3829 1314 3891 Philippo

168 3918 194 3960 et
212 3913 339 3961 Antiocho
359 3915 402 3977 qui
419 3929 435 3960 a
454 3911 638 3961 ,1111111111ὶὸ11
655 3913 758 3961 orirmdi
775 3918 849 3961 erant
872 3912 940 3961 iared
962 3916 1035 3962 multo
1056 3919 1117 3976 post
1138 3913 1314 3977 θαι-1111911111

167 3997 296 4046 subactam
315 3997 423 4046 demotis
439 4013 532 4045 1111111
549 3999 650 4059 inperii
666 3998 702 4045 ad
717 3999 834 4060 populum
853 3997 987 4046 itomanam
1003 3995 1147 4061 peruenit'.
1183 4000 1250 4045 inter
1267 3996 1315 4044 hoc

166 4089 265 4146 tempas
277 4090 302 4132 et
315 4084 412 4130 initium
423 4084 493 4146 repis
506 4082 567 4131 Nini
578 4082 757 4144 Assyriorum,
779 4083 822 4147 qui
829 4083 953 4146 princeps
965 4097 1048 4130 reram
1059 4083 1169 4144 potitus,
1188 4083 1314 4128 intersunt

167 4175 226 4217 anni
243 4166 474 4217 MDCCCCXCV.
505 4165 628 4215 Velleius
642 4166 735 4229 itaque
748 4172 840 4214 noster
855 4183 887 4216 cx
901 4165 971 4215 libro
983 4165 1036 4214 viri
1048 4165 1123 4214 docti
1137 4164 1182 4227 qui
1196 4176 1267 4209 anno
1279 4160 1313 4208 85

166 4254 233 4304 vixit
252 4269 307 4304 non
328 4269 361 4303 ex
381 4249 533 4314 exeurplari
551 4249 681 4315 publicae
700 4250 842 4298 cuiusdam
861 4249 1047 4299 bibliothecae
1067 4247 1198 4297 manavit.

228 4338 289 4402 440,
306 4337 336 4387 15
349 4341 464 4402 praetor
475 4349 516 4394 ca,
530 4335 559 4384 in
571 4335 669 4400 quibus
678 4335 765 4383 tacite
780 4334 827 4396 (ci.
838 4335 900 4384 adn.
915 4330 988 4399 sup.)
1000 4331 1119 4382 Beckeri
1131 4344 1243 4394 operam
1254 4345 1312 4379 cor·

165 4425 232 4485 rexi,
260 4439 295 4472 rx
319 4420 450 4471 Ambrosi
472 4419 658 4471 hexaemeron
674 4419 744 4470 libro
763 4423 872 4484 sumpta
889 4422 952 4467 sunt
969 4415 1067 4464 ultima
1080 4413 1231 4464 Isidorisni
1248 4413 1313 4464 libri

212 4523 336 4560 11111111
357 4521 423 4556 ner..
1091 4496 1109 4548 b
