2964 5002
494 373 521 411 u.
536 369 713 411 siracusam
730 370 971 435 concurramus
1237 352 1299 415 489

165 523 231 601 ipso
247 524 395 581 I'etrarca
410 520 500 580 ducta
516 530 607 580 esset.
623 555 663 562 —
680 521 854 600 Speciosior
876 531 977 581 autem
993 543 1083 602 quam
1098 524 1199 582 verior
1222 526 1298 584 eins-

166 623 234 683 dom
245 623 351 682 Rothii
364 621 530 701 disputatio
551 622 628 683 haec
645 633 705 685 cst:
723 625 803 682 ‘Erat
817 624 901 682 daun
913 623 988 682 wird
1003 624 1053 683 ein
1061 625 1231 703 Vorschlag
1246 625 1297 684 he-

120 770 127 778 .
164 725 336 803 friedigen,
351 744 443 784 wenn
456 724 591 784 daduroh
602 725 807 784 Fenestella's
820 726 1076 803 Argumentation
1091 727 1194 785 klarer
1205 727 1297 803 wird3

164 827 219 887 wie
235 827 288 887 die
303 827 412 886 Worte
427 827 507 905 jetzt
529 827 650 899 lauten,
676 828 739 886 will
762 847 795 886 cr
816 847 917 905 gagen
941 826 991 888 die
1012 829 1297 907 Kriegsgefangen-
1350 891 1354 901 ,
1404 846 1408 854 ·

165 928 262 989 schaft
277 928 333 988 des
348 928 491 989 Dichters
507 929 672 1007 sprechen,
689 929 851 1007 widerlegt
866 929 940 989 aher
961 929 1073 990 dassen
1095 915 1296 990 africanische

165 1030 342 1092 Herkunft.'
376 1013 542 1090 'Nimirum
572 1031 616 1090 sic
642 1016 772 1110 apparet
797 1032 939 1092 Rothium
965 1033 1157 1092 ratiocinari:
1186 1034 1212 1091 si
1239 1053 1297 1091 nec

164 1131 243 1192 hello
260 1140 367 1210 captus
383 1133 423 1190 sit
437 1152 455 1189 a
467 1133 628 1216 Romanis,
646 1153 703 1191 nec
718 1135 927 1192 commercium
942 1135 1022 1193 inter
1037 1135 1158 1194 Italiam
1173 1143 1203 1192 et
1215 1134 1295 1193 Afri-

167 1243 318 1295 cam-aute
334 1233 467 1292 deletam
481 1234 704 1312 Karthaginem
726 1236 820 1295 ullum
841 1236 946 1308 fuerit,
971 1256 1033 1294 non
1056 1237 1192 1315 potuisse
1213 1236 1296 1294 illum

167 1337 287 1396 omnino
312 1336 506 1412 Karthagine
531 1337 659 1395 Romam
688 1337 751 1395 ullo
780 1337 872 1396 modo
898 1338 1072 1416 pervenire.
1117 1341 1231 1404 Verum
1257 1359 1296 1397 ne

166 1437 243 1498 inter
265 1438 365 1517 ipsam
384 1437 609 1515 Karthaginem
630 1437 754 1516 quidem
780 1448 812 1498 et
830 1439 951 1499 Italiam
971 1440 1066 1498 ullum
1088 1441 1297 1499 commercium

167 1539 375 1599 intercessisse
401 1539 468 1618 quis
494 1539 546 1597 vel
572 1540 741 1599 contendat
761 1542 813 1599 vel
834 1541 979 1601 contendi
1002 1542 1021 1600 a
1040 1542 1219 1601 Fenestella
1239 1542 1304 1601 sibi.

98 1660 101 1665 ·
167 1639 372 1720 persuadeat?
418 1639 517 1718 Quem
543 1642 765 1719 apertissimum
791 1652 838 1702 est
864 1643 903 1703 de
927 1644 1126 1703 Numidarum
1152 1643 1296 1704 Gaetulo·

167 1763 304 1823 rumque,
329 1762 392 1801 non
415 1740 455 1799 de
467 1742 773 1819 Karthaginiensium
795 1765 860 1805 cum
880 1746 995 1805 Italicis
1017 1746 1194 1805 commercio
1217 1746 1296 1823 cogi·

167 1853 237 1905 tare.
282 1844 322 1903 In
342 1863 432 1923 quam
453 1851 570 1922 partem
591 1845 687 1904 verba
703 1846 893 1906 Suetoniana
912 1848 1040 1915 Rothiua
1067 1848 1151 1906 nullo
1172 1848 1296 1925 nogotio

167 1947 205 2007 sic
228 1946 329 2026 potnit
351 1944 514 2004 deflectere
542 1955 575 2005 ut
599 1949 742 2026 scriptum
768 1949 862 2009 fuisso
887 1954 961 2008 inter
983 1952 1099 2009 Italicos
1120 1959 1148 2008 et
1166 1949 1298 2026 [ceteros]

162 2049 253 2122 ¹Afros
269 2048 440 2107 coniceret:
460 2047 503 2106 ita
520 2048 601 2107 enirn
616 2050 713 2109 omnis
728 2052 927 2111 Fenestellae
948 2053 1139 2111 ratiocinatio
1162 2053 1248 2112 firma
1267 2060 1298 2110 et

168 2151 326 2230 perspicua
342 2157 374 2207 et
388 2148 445 2208 sibi
459 2154 604 2208 constans
621 2149 734 2229 prodit,
765 2151 828 2210 Sed
845 2172 885 2210 ne
899 2152 958 2210 hoc
973 2152 1097 2231 quidem
1112 2152 1296 2213 adminiculo

168 2272 240 2333 opus
256 2261 320 2312 est:
342 2271 411 2309 nam
427 2252 515 2324 Afros
533 2271 599 2310 cum
621 2252 696 2311 dicit
711 2251 889 2326 Suetonius,
916 2273 985 2310 nom
1001 2253 1078 2310 alios
1100 2255 1159 2312 nisi
1180 2264 1297 2314 ceteros

149 2363 286 2432 ,praeter
306 2352 584 2431 Karthaginienses
606 2355 736 2433 populos
758 2356 880 2433 cogitat.
924 2354 1108 2414 Plenissime
1129 2354 1172 2411 ita
1192 2355 1297 2414 Livius

168 2466 290 2529 xxvlll,
314 2463 349 2516 aa
365 2457 618 2531 ‘Ir'crlhayr‘aicasi
631 2456 709 2515 nihil
723 2457 820 2516 ciuilis
836 2455 951 2515 roboris
968 2463 1028 2514 cst:
1051 2453 1192 2513 mercede
1209 2476 1297 2533 para·

168 2566 210 2617 tos
224 2558 337 2617 milites
352 2555 468 2615 habent
482 2559 572 2631 Afros
588 2559 813 2633 Numidasque':
830 2556 1022 2637 eandemque
1037 2557 1068 2615 in
1086 2564 1203 2635 partem
1220 2558 1296 2615 eius·

169 2657 233 2719 dem
247 2658 325 2717 haec
340 2658 445 2717 valent
462 2671 564 2731 xxix,
586 2667 603 2720 3
626 2642 782 2720 ‘mercede
797 2661 899 2740 parari
920 2659 1033 2719 auxilia
1056 2679 1094 2717 ex
1109 2658 1215 2730 Afris’‚
1239 2667 1298 2719 ct

170 2761 219 2821 ‘ad
235 2759 440 2819 conducenda
455 2761 594 2833 Afrorum
609 2763 752 2822 auxilia':
774 2783 853 2842 quae
874 2763 947 2822 item
967 2762 1109 2841 opposita
1129 2768 1200 2818 sunt
1218 2760 1296 2818 Kar·

168 2862 403 2941 thaginiensium
419 2864 547 2922 notioni.
594 2862 662 2943 [His
685 2865 803 2942 pridem
819 2865 939 2943 scriptis
955 2884 1039 2922 suam
1054 2861 1211 2921 nobiscum
1226 2882 1296 2920 con·

168 2963 311 3024 iacturam
325 2965 531 3024 Mommseuus
554 2968 768 3040 communicat,
792 2987 852 3047 qua
866 2986 999 3046 pergens
1015 2964 1047 3023 in
1064 2964 1219 3042 Schopeni
1235 2964 1295 3035 via,

167 3065 218 3125 sed
241 3065 279 3125 ad
296 3066 440 3125 librorum
455 3066 545 3125 fidem
561 3070 663 3147 aliqua
680 3090 718 3129 ex
734 3078 820 3148 parte
833 3069 958 3147 propius
974 3065 1127 3125 accedens
1143 3069 1297 3124 adductam

168 3168 286 3226 Romam
300 3171 401 3226 uenire
412 3173 539 3241 potuisse
558 3168 724 3249 proponit]
740 3175 745 3186 '
1025 3239 1030 3250 ι

183 3298 193 3320 ·
246 3269 321 3346 Pag.
338 3268 391 3342 27,
411 3269 429 3330 'i
450 3275 548 3329 tradat
630 3273 724 3345 saciat
750 3272 960 3331 coniunctivos
983 3279 1127 3327 constans
1149 3270 1297 3350 loquendi

168 3370 353 3432 consuetudo
370 3370 510 3430 Suetonii
533 3372 630 3450 (cuius
652 3376 720 3452 plus
743 3374 853 3451 viginti
875 3372 1017 3450 exempla
1037 3370 1208 3448 numeravi)
1233 3394 1298 3431 cum
1385 3426 1389 3431 .

166 3471 212 3532 hic
226 3471 402 3552 postulabat
416 3482 478 3531 tum
494 3475 576 3532 infra
589 3495 619 3553 p.
635 3485 678 3547 29,
694 3485 711 3539 6
726 3479 856 3549 quamuis
878 3477 1020 3532 Volcatius
1042 3477 1216 3531 ...scribat
1252 3474 1298 3533 Si·

167 3576 288 3636 millimo
305 3576 445 3652 exemplo
461 3580 594 3649 qrramar'a
611 3582 672 3650 ipse
694 3582 722 3634 ia
737 3581 864 3635 historiis
883 3581 942 3634 sais
959 3579 1067 3649 prodat
1083 3573 1160 3639 dixit
1181 3577 1212 3633 in
1234 3577 1299 3634 vita

168 3675 195 3735 d.
221 3676 343 3737 Claudii
369 3697 394 3735 c.
417 3684 461 3737 21.
507 3677 710 3737 Indicativum
741 3680 768 3737 ei
795 3678 962 3756 particulae
989 3676 1083 3736 semel
1108 3677 1241 3736 iunctum
1268 3676 1297 3736 d.

140 3778 243 3862 ,Aug
259 3785 294 3839 tr
315 3782 447 3852 quamuis
469 3782 628 3838 destinarat
649 3802 711 3839 non
734 3779 866 3839 debebat
882 3800 948 3837 cum
970 3778 1037 3837 aliis
1060 3775 1298 3858 Oudendorpius

168 3872 345 3940 defendere.
1112 3938 1115 3943 .

246 3981 324 4059 Pag.
349 3981 402 4053 27,
428 3981 447 4042 9
474 3980 540 4060 iqq.
568 3984 683 4060 positos
709 3983 839 4041 Porcii
865 3982 996 4040 Licini
1022 3983 1215 4066 septenolios
1242 3984 1299 4041 etsi

168 4082 269 4162 aliqua
292 4102 331 4142 cx
350 4091 438 4162 parte
460 4082 531 4141 olim
552 4086 680 4143 tractavi
695 4085 794 4143 Musei
808 4083 952 4143 lthenani
968 4091 989 4142 t.
1013 4094 1038 4140 11
1060 4103 1091 4161 p.
1112 4090 1164 4145 648
1179 4104 1224 4162 sq.
1247 4084 1300 4141 vel

166 4182 322 4262 Parergon
338 4184 546 4243 Plautinormn
562 4194 582 4243 t.
598 4196 610 4242 1
626 4206 656 4264 p.
673 4192 722 4246 637
738 4205 794 4262 sq,
817 4193 920 4242 tamen
936 4205 999 4243 non
1016 4194 1062 4242 est
1076 4185 1182 4242 mimm
1198 4203 1299 4241 novae

166 4284 233 4343 viae
250 4284 358 4343 ducem
370 4294 505 4344 veterem
517 4285 653 4345 codicem
665 4285 835 4344 Parisinum
851 4286 986 4353 extitisse
1002 4295 1064 4343 tum
1076 4304 1182 4362 parum
1195 4284 1297 4360 cogni·

166 4392 236 4445 tum.
274 4384 367 4445 Cuius
382 4386 477 4445 virtus
492 4389 525 4446 in
543 4387 646 4466 primis
667 4387 769 4445 statim
790 4386 951 4445 versiculis
970 4385 1125 4457 enitescit,
1148 4403 1224 4463 quos
1243 4384 1297 4444 ille
