2964 5002
172 361 234 423 230
679 372 811 414 rrts'rvu

172 523 323 586 dissoluit
351 528 470 584 cuncta
500 520 606 606 adque
638 519 791 583 desiccat.
842 535 953 582 Evuvs
981 542 1024 585 ex
1051 521 1186 585 sinistro
1219 520 1321 585 latere

172 625 308 686 ueniens
339 620 507 695 subsolani
536 631 679 685 arentem
707 629 827 684 terram
854 619 1008 685 nubibus·
1027 622 1160 706 inrigat.
1204 623 1322 687 tertius

171 733 341 786 uentorum
365 739 501 786 avsrnu
521 721 640 809 plagae
665 721 867 785 meridianae
891 721 1085 803 cardinalis,
1117 724 1175 806 qui
1205 734 1238 788 et
1260 739 1322 787 no·

170 840 251 901 Tvs,
275 846 317 887 ex
339 822 455 887 humili
477 822 562 887 flans
585 822 739 886 humidus
760 820 888 885 calidus
908 821 1016 908 adque
1041 823 1238 901 fulmineus,
1267 846 1322 909 gs·

171 948 290 989 nerans
309 925 418 1009 largas
433 923 536 988 nubes
551 932 583 987 et
598 923 727 1009 pluuias
742 922 930 1004 latissimas,
951 924 1082 988 soluens
1099 925 1198 989 etiarn
1210 925 1346 991 florosa

170 1042 401 1089 nvaoavuruu
416 1025 542 1089 calidus
553 1034 671 1089 uentus
684 1046 705 1087 a
717 1025 843 1088 dextris
856 1025 1010 1089 intonans
1024 1025 1139 1089 austri.
1170 1042 1323 1090 averno·

170 1142 316 1189 seuleus
339 1137 455 1191 uentus
477 1135 675 1214 temperatus
700 1125 827 1190 calidus
850 1147 870 1189 a
893 1126 1036 1189 sinistris
1052 1127 1156 1189 austri
1179 1127 1321 1213 spirans.

172 1332 264 1396 etqui
284 1331 374 1382 locum
395 1334 422 1382 in
446 1333 494 1383 illa
512 1348 605 1398 pugna
628 1347 683 1382 non
706 1329 805 1380 babuit
823 1330 926 1396 aquilo.
964 1331 1075 1395 quidam
1094 1330 1157 1381 illos
1175 1331 1323 1383 duodecim

172 1400 292 1461 iaciunt:
318 1406 434 1464 quatuor
458 1402 531 1449 enim
550 1400 624 1449 caeli
647 1404 740 1465 partes
760 1400 787 1448 in
806 1404 901 1449 ternas
924 1396 1053 1448 diuidunt
1071 1403 1100 1448 et
1116 1398 1238 1464 singulis
1256 1416 1322 1451 uen-

171 1467 208 1516 tis
231 1467 311 1516 binos
335 1468 546 1533 sulrpraefectos
573 1467 649 1517 dant.
686 1466 738 1517 hac
763 1472 823 1517 arte
841 1466 929 1515 Varro
953 1467 997 1515 uir
1015 1465 1136 1583 diliqens
1161 1466 1227 1525 illos
1251 1468 1322 1518 ordi·

171 1540 220 1584 nat
243 1550 295 1583 nee
313 1536 373 1585 sine
397 1551 492 1585 causa.
534 1551 587 1584 non
616 1536 689 1584 enim
713 1533 807 1584 eodem
831 1533 892 1584 loco
911 1548 1020 1599 semper
1041 1549 1071 1584 so
1101 1534 1189 1585 oritur
1208 1540 1258 1585 arrt
1276 1551 1322 1586 oc-

172 1602 254 1660 cidit,
279 1603 327 1652 sed
352 1602 423 1651 alius
448 1610 490 1652 est
516 1607 592 1651 ortus
614 1616 787 1666 occasusque
807 1600 1032 1665 aequinoctialis,
1051 1602 1094 1651 his
1113 1606 1208 1651 autem
1227 1604 1321 1668 aequi-

171 1671 293 1719 noctium
318 1674 374 1729 cst,
405 1670 476 1719 alins
499 1668 657 1719 solstitialis
688 1668 758 1718 alius
780 1668 921 1718 hibernus.
967 1669 1012 1732 qui
1036 1669 1125 1734 surgit
1148 1669 1184 1719 ab
1214 1670 1321 1721 oriente

172 1737 385 1800 aequinoctiali,
415 1736 580 1786 subsolanus
610 1735 682 1801 apud
710 1751 759 1785 nos
782 1736 898 1797 dicitur,
929 1734 1031 1787 Gracci
1055 1736 1131 1786 illum
1160 1736 1322 1801 aphelioten

171 1809 280 1853 uocant.
328 1804 362 1852 ab
391 1805 497 1853 oriente
526 1804 641 1853 hiberno
666 1819 747 1852 eurus
771 1804 844 1866 exit,
875 1818 954 1868 quem
978 1805 1066 1853 nostri
1095 1819 1236 1855 uocauere
1264 1805 1321 1856 nol·

170 1877 285 1919 turnum.
311 1877 338 1920 et
360 1871 458 1920 Liuius
480 1871 533 1921 lroc
558 1870 634 1920 illum
657 1871 768 1920 nomine
793 1869 917 1935 adpellat
940 1871 968 1920 in
993 1869 1043 1921 illa
1068 1885 1164 1937 pugna
1181 1871 1321 1923 Romano·

168 1952 225 1985 rum
244 1952 341 2001 parum
359 1953 505 2003 prospera,
529 1939 558 1988 in
581 1953 635 2002 qua
654 1938 796 1987 Hannibal
816 1943 845 1987 et
863 1944 960 1988 contra
978 1936 1064 1988 solem
1087 1939 1226 1988 orientem
1243 1956 1321 1990 exer·

169 2004 253 2053 citum
267 2011 388 2054 nostrum
408 2011 435 2055 et
454 2012 550 2055 contra
567 2012 679 2055 uentum
699 2006 860 2066 coustituit,
883 2012 940 2055 turn
962 2005 1039 2055 uenti
1063 2006 1202 2056 adiutorio
1221 2021 1255 2058 ae
1268 2006 1320 2057 fut-

169 2072 244 2135 goris
263 2073 495 2137 praestringentis
518 2072 612 2122 oeulos
635 2073 755 2122 hostium
777 2073 857 2122 uicit.
896 2072 984 2123 Varro
1008 2088 1115 2138 quoque
1143 2072 1197 2124 hoc
1222 2089 1320 2125 nornen

167 2144 289 2202 risnrpat.
327 2140 376 2189 sed
396 2149 424 2189 et
442 2156 523 2191 eurus
541 2142 596 2191 iam
615 2140 731 2189 ciuitate
750 2140 869 2190 donatus
888 2146 931 2190 est
954 2145 983 2190 et
1005 2146 1099 2190 nostro
1121 2143 1245 2192 sermoni
1267 2158 1321 2193 non

168 2212 309 2270 tamquam
334 2207 443 2257 alienus
466 2208 625 2259 interuenit.
667 2207 702 2257 ab
726 2208 833 2259 oriente
856 2207 1001 2259 solstitiali
1023 2209 1175 2259 excitatum
1199 2209 1323 2261 natatur

170 2273 272 2324 Graeci
297 2273 455 2339 adpellant,
480 2275 552 2341 apud
576 2291 626 2325 nos
651 2274 712 2325 aine
731 2276 842 2326 nominc
867 2280 917 2325 ast
955 2275 1171 2342 aequinoctialis
1189 2278 1322 2331 occidens

169 2341 313 2390 sarranium
336 2343 435 2404 mittit,
465 2359 545 2407 quem
569 2342 716 2407 zephyrum
741 2358 802 2393 esse
826 2343 921 2393 dicent
944 2343 997 2394 tibi
1020 2341 1120 2406 etiam,
1146 2345 1193 2408 qul
1213 2344 1321 2397 Graece

170 2409 300 2458 nesciunt
323 2409 408 2474 loqui.
445 2426 461 2459 a
479 2409 624 2461 solstitiali
648 2410 793 2460 occidente
818 2426 898 2461 corus
915 2411 1008 2474 uenit,
1032 2412 1078 2476 qui
1097 2412 1170 2476 apud
1189 2414 1322 2477 quosdam

158 2471 297 2541 'argestes
321 2477 435 2527 dieitur:
460 2478 528 2528 milri
552 2494 605 2528 non
624 2477 747 2537 uidetur,
773 2478 838 2542 quia
860 2478 919 2528 cori
941 2472 1066 2529 uidlenta
1090 2480 1133 2529 nis
1152 2486 1196 2529 eet
1215 2486 1245 2530 et
1262 2486 1319 2531 tam

169 2544 300 2593 ermtibus
324 2547 474 2595 communis
503 2561 583 2610 quarn
607 2545 801 2595 redcurulibus.
843 2545 878 2594 ab
907 2546 1052 2595 occidente
1075 2546 1192 2597 hiberno
1217 2548 1323 2598 alricus

171 2611 335 2661 furibundus
355 2618 383 2662 ct
402 2628 491 2673 ruens,
512 2612 584 2677 apud
597 2612 720 2662 (truscos
739 2611 792 2677 lips
811 2614 921 2662 dicitur.
959 2629 976 2662 a
989 2614 1214 2678 septemtrionali
1234 2614 1320 2666 latere

169 2694 290 2728 summus
310 2684 352 2729 est
376 2680 468 2743 aquilo
492 2680 597 2730 modius
616 2681 776 2743 septemtrio
800 2680 870 2730 imus
889 2679 1039 2730 thrascias:
1067 2681 1131 2731 huie
1151 2681 1232 2732 deest
1251 2682 1321 2748 apud

170 2763 219 2794 nos
244 2747 419 2795 uocabulum.
462 2763 478 2796 a
503 2747 656 2796 meridiano
686 2762 737 2796 axe
762 2754 910 2797 euronotus
938 2753 980 2797 est
1003 2747 1104 2797 deinde
1128 2754 1210 2798 notus
1234 2750 1320 2800 latine

171 2818 273 2861 auster.
316 2813 415 2862 deinde
440 2814 617 2873 leuconotus,
648 2815 693 2878 qni
725 2815 797 2879 apud
821 2830 870 2864 nos
894 2816 953 2864 sinc
978 2816 1087 2865 nomine
1113 2815 1175 2865 est)
1221 2816 1266 2880 17,
1291 2818 1320 2867 5:

171 2880 298 2940 ‘Quidum
318 2887 382 2929 suut
400 2883 577 2944 quoruuulam
600 2881 721 2930 locorum
740 2883 858 2948 proprii,
878 2883 995 2946 quinon
1014 2885 1208 2933 transmittunt
1226 2885 1276 2935 sed
1294 2886 1321 2934 in

170 2947 320 3009 proximum
345 2948 446 2997 serunt.
484 2965 537 2998 non
562 2954 605 2998 est
624 2948 680 2998 illis
699 2965 715 2997 a
733 2949 822 2999 latere
840 2949 963 2999 uniuersi
981 2950 1076 2999 mnndi
1095 2951 1229 3016 impetus:
1255 2953 1320 3002 Ata·

170 3013 249 3061 bolus
273 3014 402 3078 Apuliam
426 3017 543 3065 infestat
566 3015 726 3065 Calabriam
750 3018 836 3082 Iapyx
858 3016 981 3068 Athenas
1006 3018 1103 3067 Sciron
1126 3019 1320 3085 Pamphyliam

169 3082 303 3143 (totnonis
324 3083 444 3132 Galliam
464 3084 572 3133 Circius
591 3119 704 3133 ......
725 3084 862 3133 inlinitum
881 3090 924 3134 est
941 3085 964 3134 si
983 3084 1106 3151 singulos
1125 3085 1211 3135 uelim
1229 3102 1321 3152 perse·

169 3149 226 3210 qui.
263 3149 338 3198 nulla
358 3151 428 3199 eninr
448 3150 642 3214 propemodum
661 3152 738 3215 regio
757 3156 813 3211 cst,
839 3168 908 3216 quae
932 3167 985 3202 nou
1004 3151 1109 3201 babeat
1132 3152 1254 3217 aliquem
1273 3156 1320 3205 fla·

169 3221 225 3262 tum
245 3231 279 3264 cx
297 3233 326 3265 se
346 3225 507 3268 nascentem
526 3223 553 3267 ct
573 3219 650 3268 eirca
668 3236 697 3267 se
718 3217 883 3269 cadentem!
920 3221 1028 3268 Plinius
1045 3220 1078 3269 N.
1092 3220 1128 3269 H.
1143 3221 1170 3270 II
1189 3223 1237 3271 47:
1258 3223 1320 3272 ‘Ve-

168 3289 242 3331 teres
267 3290 397 3347 quattuor
415 3287 525 3335 omnino
544 3302 693 3336 seruauere
718 3303 767 3352 per
789 3288 902 3336 totidem
927 3288 1020 3336 muudi
1039 3288 1247 3352 partis—ideo
1270 3306 1320 3340 nea

168 3351 305 3400 llomurus
325 3352 410 3417 pluris
429 3355 594 3403 uominat-
608 3354 716 3415 hebeti,
736 3362 766 3402 nt
786 3372 847 3404 mox
866 3355 1018 3405 iudicatum
1036 3361 1092 3416 est,
1122 3357 1242 3406 ratione.
1279 3375 1320 3407 se·

169 3423 235 3466 cirta
265 3430 343 3468 aetus
371 3427 434 3469 octo
465 3421 572 3471 aildidit
601 3422 683 3470 nimis
713 3421 808 3471 subtili
836 3427 918 3486 atque
948 3423 1071 3473 concisa.
1117 3426 1257 3488 proxumis
1281 3427 1321 3475 in·

170 3492 212 3533 tra
237 3494 379 3551 utramque
403 3488 495 3538 media
519 3488 625 3553 placuit
649 3490 683 3538 ad
707 3490 818 3539 lrreueur
843 3507 876 3538 cx
894 3504 1040 3539 numerosa
1058 3489 1161 3541 additis
1181 3499 1320 3556 quattuor.

169 3560 232 3602 sunt
251 3572 316 3616 crgo
335 3556 394 3603 bini
419 3557 448 3605 in
467 3562 596 3620 quattuor
620 3557 692 3605 caeli
711 3558 845 3621 partibus,
866 3557 901 3605 ab
915 3558 1022 3607 oriente
1036 3559 1240 3621 aequinoctiali
1258 3562 1320 3611 sub·

169 3621 295 3679 solanus,
324 3624 359 3671 ab
383 3625 488 3673 oriente
517 3623 635 3672 brumali
660 3625 810 3673 uolturnus.
852 3624 929 3673 illum
948 3625 1098 3689 apeliotes,
1123 3624 1197 3675 hunc
1218 3628 1320 3679 Graeci

170 3704 263 3737 curum
289 3690 440 3754 appellant.
479 3707 495 3740 a
514 3691 628 3740 meridie
648 3698 741 3740 rurstcr
761 3698 788 3740 ct
806 3693 841 3740 ab
860 3708 963 3741 occasu
982 3692 1236 3744 brunralihsricus.
1274 3712 1319 3745 nou

175 3800 241 3806 ..-—
280 3801 376 3808 .---..

258 3871 264 3918 Ι
287 3858 431 3917 dissolu&
448 3866 471 3916 Α
486 3855 500 3941 Η
516 3860 661 3919 dissiccat
680 3859 743 3919 ΑΒ1
766 3858 780 3942 Η
799 3872 942 3923 'ltreuens
968 3866 991 3919 B
1013 3859 1026 3942 Η
1047 3869 1184 3921 arentem
1207 3874 1320 3925 terram

168 3948 289 4015 scripsi:
320 3944 466 4000 orientem
486 3951 509 4002 Α
526 3947 641 4003 oriente
657 3943 691 4003 ΒΙ
710 3949 843 4006 orientes
865 3944 902 4006 B²
917 3944 929 4027 Η
946 3949 1065 4006 niuibus
1087 3943 1122 4004 Β1
1140 3943 1187 4028 Ηὸ
1207 3950 1319 4029 plagae

168 4048 222 4085 rim.
247 4023 282 4083 Αι
301 4023 313 4106 Η
329 4027 501 4085 cardinales
519 4027 554 4085 ΑΙ
572 4026 584 4110 Η
601 4051 672 4088 curo
690 4043 779 4090 notus
796 4038 819 4090 Α
834 4033 944 4091 nothus
965 4037 990 4089 B
1005 4029 1018 4114 Η
1033 4043 1050 4094 t
1065 4031 1244 4093 fulminibus
1259 4041 1284 4093 A
1305 4032 1318 4116 Η

168 4122 183 4169 ξ)
206 4112 316 4169 florens
336 4108 372 4168 Β1
391 4106 404 4192 Η
420 4122 436 4173 6
457 4116 626 4172 euroaustri
647 4112 684 4171 13¹
701 4111 714 4194 Η
731 4117 768 4174 ad
788 4114 851 4175 AB¹
867 4113 880 4198 Η
896 4120 1012 4176 intonat
1032 4122 1056 4175 B
1071 4112 1083 4196 Η
1100 4124 1115 4179 7
1132 4122 1320 4179 austroaffri·

168 4216 219 4252 cus
236 4205 345 4253 rrentus
362 4207 514 4274 teperatus
534 4203 758 4277 Aterrrperatus
776 4203 888 4259 africus
911 4216 1019 4260 uentus
1037 4206 1064 4261 B
1085 4211 1250 4263 euronotus
1271 4207 1319 4264 nel

161 4281 384 4337 austroafricus
408 4291 515 4340 neritus
535 4294 581 4341 est
602 4292 788 4362 temperatus
808 4291 874 4344 libri
892 4304 988 4344 enarres
1013 4290 1130 4344 Arevuli
1142 4283 1155 4363 Η
1172 4288 1320 4348 sinistras

168 4365 304 4439 uspirans
321 4362 354 4420 21¹
370 4366 492 4425 sinistra
507 4370 601 4426 austri
614 4395 627 4425 r
639 4371 778 4448 aspirans
797 4367 832 4427 Al
850 4372 979 4430 sinistris
992 4372 1086 4429 austri
1102 4371 1217 4450 aspirat
1240 4376 1265 4431 B
