2964 5002
630 393 672 435 DE
695 391 898 434 ouarouluvs

740 539 774 602 X

264 659 421 718 qursrvs
452 658 627 705 iraruurvs
648 649 815 729 promptus
846 650 878 706 et
904 640 1070 728 popularis
1093 652 1201 707 orator
1224 665 1325 729 usque
1349 632 1424 707 66*

185 745 223 808 ad
249 744 315 810 XC
341 767 443 831 prope
464 766 585 808 annum
608 746 642 808 in
666 765 790 808 summo
812 743 932 809 honore
956 745 1158 809 consenescit
1179 751 1218 821 (a.
1244 754 1323 822 777).

269 848 412 911 Saenius
433 846 570 910 Plautus
587 847 729 930 corrupti
748 845 808 909 filii
827 868 901 910 reus
921 856 1022 910 semet
1041 847 1076 911 in
1091 847 1210 912 iudicio
1233 847 1329 911 inter·
1349 840 1427 913 67*

184 951 260 1015 tecit
286 956 329 1023 (a.
357 958 439 1029 ιιι).

268 1084 325 1140 st*
343 1087 529 1151 Hieronymus
546 1085 589 1136 Ol.
612 1085 675 1149 200,
700 1088 725 1136 4.
756 1086 863 1137 Seneca
882 1094 1003 1152 excerpt.
1029 1094 1150 1139 controv.
1164 1088 1220 1138 1111
1236 1089 1325 1154 praef.

184 1176 208 1224 p.
227 1157 295 1217 376,
321 1154 463 1216 28—378,
483 1153 515 1203 21
534 1156 762 1220 promptissimam
782 1156 841 1205 eius
864 1156 975 1205 dicendi
998 1157 1161 1206 facultatem
1183 1156 1325 1217 describit,

183 1227 254 1284 unde
274 1240 333 1274 non
344 1223 422 1273 nulla
435 1223 573 1288 excerpsi:
605 1223 797 1273 ‘Declamabat
815 1223 947 1274 Haterius
966 1224 1084 1274 admisso
1102 1224 1201 1290 populo
1214 1240 1246 1273 ea
1258 1231 1325 1273 tem·

181 1311 257 1360 pore.
285 1292 363 1342 solus
381 1292 501 1341 omnium
518 1290 714 1354 Romanorum,
738 1306 804 1357 quos
827 1307 887 1341 meo
911 1297 1033 1357 tempore
1057 1293 1187 1356 cognoui,
1211 1293 1239 1341 in
1262 1292 1325 1341 lati·

182 1378 245 1412 nam
265 1361 394 1425 linguam
412 1358 555 1408 transtulit
573 1375 702 1423 graecam
726 1359 901 1409 facilitatem.
938 1365 1017 1409 tanta
1042 1360 1082 1410 illi
1108 1366 1168 1410 erat
1190 1359 1326 1409 uelocitas
1397 1365 1403 1371 “

182 1447 210 1480 cr
246 1429 336 1490 onia,
360 1433 391 1476 ut
412 1428 512 1476 uitium
535 1425 621 1476 tieret.
658 1427 751 1491 itaque
770 1427 850 1477 diuus
872 1429 1011 1493 Augustus
1030 1429 1131 1493 optime
1149 1427 1232 1477 dixit:
1268 1428 1324 1476 Ha·

181 1506 269 1548 tenus
289 1502 388 1546 noster
405 1494 633 1544 sufflaminandus
653 1499 703 1544 est.
745 1495 814 1544 adeo
832 1511 887 1545 non
910 1511 1019 1546 currere
1043 1496 1092 1545 sed
1116 1496 1261 1547 decurrere
1284 1497 1324 1544 ui·

181 1567 314 1616 debatur.
350 1579 402 1612 uec
426 1563 568 1612 uerborum
591 1562 631 1611 illi
650 1567 756 1612 tanturn
775 1565 856 1628 copia
874 1563 922 1613 sed
941 1565 1025 1613 etiam
1046 1580 1134 1614 rorum
1153 1568 1224 1613 erat:
1261 1579 1325 1628 quo-

180 1636 254 1684 tiens
273 1631 367 1682 uelles
385 1631 501 1680 eandem
513 1646 569 1680 rem
589 1636 617 1679 ct
630 1631 757 1694 quamdiu
775 1632 864 1681 uelles
877 1631 996 1694 diceret,
1017 1632 1080 1682 aliis
1099 1632 1201 1682 totiens
1219 1629 1323 1696 figuris,

182 1703 246 1751 aliis
270 1699 505 1760 tractationibus,
530 1699 570 1747 ita
593 1704 624 1747 ut
647 1699 706 1763 regi
729 1706 825 1763 posset
847 1715 899 1749 nec
924 1701 1055 1749 consumi.
1096 1701 1156 1766 regi
1179 1705 1270 1748 autem
1289 1699 1324 1748 ab

131 1812 137 1825 .
181 1772 241 1836 ipso
260 1784 319 1818 non
339 1772 463 1832 poterat;
495 1766 616 1831 alioquin
633 1766 762 1816 libertum
779 1766 902 1817 babebat
920 1769 965 1817 cui
983 1773 1101 1833 pareret.
1135 1769 1176 1818 sic
1195 1766 1254 1816 ibat
1272 1782 1325 1832 quo

165 1839 260 1888 modo
285 1835 337 1894 ille
357 1840 405 1885 aut
423 1835 615 1884 concitauerat
633 1849 693 1884 eum
712 1832 765 1885 aut'
783 1835 982 1885 refrenauerat.
1010 1836 1124 1886 iubebat
1142 1835 1218 1887 illum
1235 1840 1324 1885 trans·

180 1908 238 1965 ire,
272 1920 338 1955 eum
368 1903 489 1969 aliquem
517 1903 563 1951 diu
585 1903 675 1952 locum
698 1901 824 1952 dixerat:
864 1904 1017 1964 transibat;
1058 1905 1187 1954 insistere
1210 1903 1325 1953 iubebat

182 1975 271 2024 eidem
292 1972 370 2022 loco:
407 1971 600 2036 permanebat,
636 1970 750 2020 iubebat
774 1970 910 2036 epilogum
929 1971 1035 2021 dicere:
1071 1972 1192 2022 dicebat.
1228 1972 1257 2020 iu
1274 1986 1325 2021 sua
1361 1967 1366 1980 '

180 2046 326 2108 potestate
350 2039 475 2099 habebat
498 2039 651 2103 ingenium,
677 2038 704 2087 in
728 2038 820 2088 aliena
843 2039 951 2089 modum
975 2075 1214 2090 ............
1238 2039 1325 2088 multa

181 2116 262 2159 erant
282 2123 357 2173 quae
370 2105 604 2172 reprehenderes,
624 2105 710 2155 multu
729 2121 798 2171 quae
818 2107 984 2171 suspiceres,
1010 2123 1071 2158 cum
1094 2108 1224 2159 torrentis
1245 2107 1323 2158 modo

181 2192 300 2243 maguus
319 2174 429 2240 quidem
448 2175 496 2224 sed
513 2173 637 2224 turbidus
655 2174 761 2223 flueret.
796 2175 951 2224 redimebat
972 2182 1064 2225 tamen
1083 2176 1153 2224 uitia
1175 2175 1324 2225 uirtutibus

182 2252 209 2297 et
226 2245 291 2311 plns
311 2243 436 2293 habebat
455 2242 526 2308 quod
544 2241 671 2292 laudares
691 2258 771 2306 quam
790 2243 834 2293 cui
854 2245 1024 2308 ignosceres,
1043 2244 1127 2293 sicuti
1140 2244 1168 2292 in
1182 2259 1216 2293 ea
1228 2243 1257 2292 iu
1271 2259 1323 2307 qua

182 2300 259 2363 sinit
279 2308 507 2361 declamatione’
526 2310 708 2374 Hieronymus
727 2310 762 2359 ad
774 2310 931 2360 Pammach.
952 2310 983 2359 12
1000 2318 1066 2362 tom.
1084 2311 1112 2360 II
1129 2327 1156 2377 p.
1174 2309 1322 2360 rituali:

183 2383 223 2443 ‘Q
236 2381 387 2438 Haterius,
407 2380 452 2443 qui
465 2379 604 2442 ingenium
616 2379 645 2427 in
657 2384 799 2427 numerato
814 2378 949 2439 habebat,
970 2385 999 2428 ut
1011 2381 1070 2429 sinc
1083 2379 1216 2428 monitore
1229 2384 1323 2427 tacere

182 2465 234 2498 non
247 2452 361 2514 posset,
375 2446 409 2496 de
423 2463 474 2510 quo
489 2446 598 2512 egregie
611 2444 716 2496 Caesar
727 2447 879 2510 Augustus:
898 2447 1028 2510 Quintus,
1042 2447 1144 2512 inquit,
1158 2451 1251 2496 noster
1267 2446 1322 2495 suf-

183 2515 369 2566 flaminandus
383 2513 444 2564 est’.
459 2542 490 2550 —
504 2514 649 2563 Suetonius
661 2514 753 2562 Tiber.
772 2513 818 2563 29:
838 2515 1024 2564 ‘Dissentiens
1042 2516 1070 2565 in
1089 2515 1165 2564 curia
1184 2530 1201 2562 a
1219 2513 1251 2574 Q.
1265 2513 1322 2561 Ha·

184 2586 264 2634 terio:
288 2584 436 2647 Ignoscas,
456 2583 558 2646 iuquit,
576 2597 655 2644 rogo,
674 2582 698 2629 si
716 2582 780 2646 quid
798 2583 929 2631 arlucrsus
948 2589 974 2631 tc
993 2583 1106 2632 liberius
1122 2583 1194 2632 sicut
1212 2586 1324 2630 senator

183 2650 297 2702 dixero)
325 2651 362 2700 cf.
377 2651 492 2700 Tacitus
511 2666 573 2698 nnn.
592 2648 845 2699 1133.—'l'a'citus
860 2650 1006 2700 annilii:
1034 2652 1131 2700 ‘etiam
1145 2651 1176 2711 Q.
1191 2649 1323 2697 Haterius

185 2727 210 2769 ct
221 2722 383 2769 Mamercus
397 2720 516 2768 Scaurus
528 2718 699 2782 suspicacem
717 2718 836 2766 animum
850 2717 962 2784 (Tiberi)
975 2720 1171 2783 perstrinxero,
1190 2717 1323 2766 Haterius

186 2805 241 2837 tum
259 2789 394 2836 dixisset:
419 2788 479 2848 Quo
497 2802 581 2850 usque
599 2786 729 2849 piraticus,
753 2785 870 2847 Caesar,
889 2802 942 2836 non
961 2788 1057 2836 adesse
1077 2792 1161 2851 caput
1178 2785 1218 2833 rei
1235 2784 1322 2849 publi·

186 2872 230 2905 eae
246 2893 252 2902 .
269 2893 275 2904 .
293 2891 299 2902 .
315 2892 321 2902 .
337 2856 365 2903 in
379 2854 523 2903 llaterium
537 2854 630 2902 statim
645 2854 770 2903 inuectus
783 2858 834 2902 est.
855 2854 964 2903 constat
976 2855 1134 2917 Haterium,
1154 2870 1214 2904 cum
1227 2853 1322 2917 depre-

186 2924 266 2974 candi
281 2938 369 2971 causa
383 2922 520 2970 Palatium
540 2921 680 2970 introisset
692 2922 912 2989 ambulantisque
930 2923 1036 2971 Tiberii
1053 2939 1144 2986 genua
1162 2921 1321 2971 aduoluere-

185 2998 234 3053 tur,
246 3006 335 3057 prope
350 3006 365 3038 a
379 2990 512 3039 militibus
525 2988 715 3050 interfectum,
729 2991 793 3054 (quin
803 2992 930 3039 'l'iberius
944 3007 1010 3040 casu
1024 3007 1058 3040 an
1072 2991 1197 3039 manibus
1211 2990 1270 3038 eius
1283 2990 1322 3038 in·

185 3061 293 3125 peditus
312 3058 480 3123 prociderat.
509 3071 597 3121 neque
615 3063 707 3106 tamen
721 3059 842 3122 periculo
856 3058 920 3107 talis
933 3060 984 3107 uiri
1004 3060 1145 3124 mitigatus
1164 3063 1215 3119 est,
1235 3058 1322 3107 donec

186 3127 317 3177 ilaterius
342 3127 493 3188 Augustam
516 3129 607 3174 oraret
631 3126 743 3190 eiusque
767 3127 949 3175 curatissimis
973 3127 1099 3190 precibus
1124 3123 1322 3190 obtegeretur!

185 3196 218 3244 cf.
232 3195 383 3244 Suetonius
396 3195 489 3243 Tibcr.
502 3193 547 3241 27:
569 3193 736 3243 ‘Adulationi
751 3194 819 3243 adeo
833 3202 977 3243 urmrsutus
990 3200 1046 3253 est,
1060 3200 1090 3242 ut
1104 3232 1109 3242 .
1124 3231 1130 3242 .
1146 3231 1151 3243 .
1167 3232 1173 3242 .
1188 3231 1209 3253 .,
1225 3209 1320 3243 consu-

185 3262 269 3312 larem
294 3277 361 3310 uero
383 3264 452 3312 satis
477 3262 625 3310 facientem
643 3261 696 3309 sibi
715 3278 748 3311 ac
767 3279 816 3326 per
834 3277 924 3325 genua
940 3279 1018 3311 orare
1038 3269 1182 3311 conantem
1202 3263 1241 3311 ita
1265 3262 1322 3311 suf·

186 3331 303 3395 fugerit,
323 3336 354 3378 ut
371 3331 484 3379 caderet
501 3327 634 3393 supirrus.'
657 3330 772 3378 Tacitus
792 3346 853 3379 auri.
873 3330 915 3378 Ill
933 3330 978 3378 57:
999 3335 1037 3378 ‘at
1056 3331 1088 3391 Q.
1109 3331 1241 3380 Haterius
1260 3345 1321 3379 curn

186 3400 241 3447 eius
266 3397 324 3446 diei
347 3405 461 3447 senatus
484 3396 609 3446 consulta
632 3397 723 3446 aurcis
746 3397 847 3446 litteris
871 3398 979 3461 figenda
1003 3399 1030 3446 in
1054 3399 1130 3447 curia
1158 3399 1321 3454 censuisset,

185 3465 337 3515 deridiculo
362 3467 414 3515 fuit
437 3482 521 3514 senex
545 3465 720 3513 foedissimae
746 3464 911 3514 adulationis
934 3472 1040 3515 tantuin
1064 3467 1181 3515 infamia
1205 3465 1320 3515 usurus'

184 3534 299 3583 Mortem
313 3534 529 3582 narratl‘acitua
542 3549 604 3581 rann.
616 3533 671 3581 llll
683 3531 728 3581 dl:
747 3533 827 3581 ‘Fine
841 3535 905 3582 anni
920 3550 1062 3583 excessere
1076 3535 1197 3597 insignes
1211 3535 1304 3584 uiri...
1316 3572 1321 3582 .

185 3612 211 3651 et
234 3603 268 3663 Q.
337 3603 421 3650 terius
446 3600 553 3649 familia
577 3602 718 3649 senatoria
742 3600 916 3665 eloquentiae
941 3603 1030 3666 quoad
1053 3603 1123 3650 uixit
1147 3602 1319 3651 celebratae:

184 3672 282 3720 monim
322 3676 352 3718 ta
371 3670 476 3733 ingenii
496 3670 553 3716 eius
571 3669 644 3717 haud
662 3669 773 3732 perinde
793 3670 953 3719 retinentur.
985 3670 1094 3719 scilicet
1112 3671 1214 3734 inipetu
1233 3672 1322 3735 magis

184 3754 264 3803 quam
285 3753 350 3786 cura
369 3738 497 3802 uigebat,
517 3743 598 3800 utque
618 3736 731 3786 aliorum
751 3738 895 3785 rucditatio
918 3744 946 3786 ct
968 3738 1047 3787 labor
1065 3739 1093 3786 in
1117 3745 1254 3802 posterum
1273 3755 1319 3787 ua-

183 3806 278 3866 lcseit,
298 3807 339 3855 sic
358 3805 469 3854 Haterii
488 3819 616 3853 canorum
634 3804 700 3853 illud
720 3810 748 3854 et
760 3805 895 3869 profluens
915 3822 974 3854 cunr
993 3807 1053 3871 ipso
1070 3805 1148 3855 simul
1169 3807 1320 3856 extinctum

184 3874 244 3923 est!
281 3874 360 3922 Obiit
379 3889 405 3922 a.
424 3870 483 3920 rut.

268 3939 585 4002 ti*1iier0nym11s01.
605 3939 666 4001 200,
686 3942 710 3990 l.
734 3943 917 3990 blommscnus
937 3942 1068 3990 Suetonio
1087 3941 1253 4003 vindicavit,
1274 3943 1320 4006 qui

183 4038 381 4047 *⁴-

269 4092 277 4141 1
297 4082 431 4158 Quintus
445 4080 470 4133 B
482 4076 518 4154 Q
532 4079 607 4137 scal.
623 4073 637 4159 {l
652 4080 795 4137 Haterius
812 4083 839 4135 B
856 4081 932 4137 Saul.
951 4080 1113 4138 Hacteriua
1134 4076 1183 4151 1³„
1200 4099 1318 4158 prump-

182 4180 228 4225 tus
246 4170 270 4223 B
290 4164 302 4241 ’ζ
324 4167 388 4226 tin
408 4182 523 4220 summo
540 4167 566 4220 P
580 4166 654 4221 Serri.
677 4184 742 4221 curn
763 4185 875 4222 summo
894 4168 919 4220 B
934 4161 947 4246 Η
962 4175 979 4227 3
997 4163 1125 4221 Saenius
1145 4165 1197 4218 BF
1209 4162 1317 4221 Seuius

181 4252 380 4327 Ptfrelr'pere
397 4247 530 4324 (sicciore)
548 4251 623 4307 Seni.
644 4248 766 4309 Seruius
785 4253 812 4306 P
825 4253 950 4307 Pontueo
967 4259 1084 4306 erectore
1104 4250 1165 4316 ¹(scel
1178 4265 1263 4303 error
1278 4257 1319 4303 est
1365 4303 1368 4308 ,

181 4343 210 4395 m'
236 4343 307 4397 ullor
324 4344 457 4411 tppoyr.)
474 4328 487 4412 Η
503 4344 597 4392 seruet
612 4336 640 4392 iu
658 4335 765 4392 iudicio
783 4336 935 4393 interfecit
951 4338 977 4392 Β
991 4336 1020 4392 in
1037 4333 1147 4390 iudicio
1164 4342 1257 4389 seruiet
1274 4333 1316 4389 in-

180 4425 283 4483 terficit
299 4426 380 4481 Seul.
