2964 5002
575 408 618 451 oa
642 407 781 453 usrvms
805 409 915 455 aaavu
1255 395 1317 463 243

185 572 286 621 struit
300 557 437 644 proprie
452 579 541 621 mare
560 557 769 646 profundum.
806 574 902 643 vana
918 558 1037 644 quibus
1057 561 1091 622 in
1106 563 1189 625 mari
1209 570 1318 647 potest

185 658 265 737 stari,
290 679 377 744 quae
406 655 568 744 Virgilius
597 674 726 722 nulium
753 657 912 746 appellat,
942 680 1026 744 quac
1053 659 1166 724 cadom
1195 662 1315 727 Gracci

184 755 302 841 βραχέα.
347 773 450 823 ssuvs
471 758 612 823 maiores
633 780 781 822 recessus
803 761 904 822 maris
928 758 1097 839 dicuntur,
1117 770 1154 824 ut
1177 759 1316 848 Caspius

185 858 332 924 Arabicus
351 859 506 942 Indicus,
527 861 670 924 minores
687 869 795 923 autem
811 877 942 922 anavus
965 871 1000 923 ut
1018 861 1200 925 Paestanus
1215 862 1316 950 Amy-

172 959 282 1024 sobnas
306 969 341 1024 et
363 961 465 1024 ceteri
488 960 623 1024 similes.
669 976 855 1024 unusuavu
877 971 982 1025 nictus
1011 964 1112 1025 maris
1141 962 1212 1025 sine
1237 971 1316 1026 tern-

185 1071 296 1149 pestate
316 1060 524 1144 fluctuantis,
544 1061 637 1125 uelut
656 1061 802 1125 Naeuius
824 1063 858 1125 in
879 1061 966 1126 bollo
987 1063 1129 1127 Poenico
1151 1064 1200 1127 sic
1221 1065 1283 1128 ait:

374 1163 544 1227 onerifica
566 1164 702 1227 onustae
724 1163 857 1227 stabant
878 1167 912 1227 in
931 1163 1070 1245 flustris,

186 1273 213 1326 ut
235 1264 262 1327 si
289 1261 417 1327 dicaret
442 1263 477 1326 in
504 1251 585 1327 solo.
637 1269 752 1326 uoLs's
779 1285 864 1350 quae
892 1265 1037 1329 eminent
1062 1273 1095 1328 ct
1121 1279 1316 1351 procurrunt

186 1365 269 1446 uari,
291 1362 477 1451 dequibus
500 1364 681 1428 Pacuuius:

164 1481 182 1519 n
256 1490 296 1529 ss
318 1485 434 1535 omnes
456 1463 615 1547 latebras,
635 1464 768 1530 sublata
788 1466 871 1530 mole
894 1466 1063 1531 abstrusds
1085 1469 1188 1532 sinus.

185 1604 237 1668 quia
252 1603 291 1652 sit
315 1618 332 1653 a
355 1603 496 1668 superiore
519 1601 618 1667 parte.¹
655 1603 720 1652 ibid.
744 1603 762 1652 l.
787 1619 826 1653 cs
863 1605 959 1669 ‘uragu
985 1621 1055 1669 quae
1080 1606 1109 1654 in
1130 1621 1206 1656 mare
1230 1611 1315 1670 stant,

184 1669 305 1735 Virgilius
329 1669 429 1720 breuis
452 1668 599 1735 appellat)
640 1665 707 1721 ibid.
732 1671 750 1719 l.
774 1688 812 1720 c.:
850 1671 941 1721 ‘Sinus
964 1673 1083 1722 maiores
1105 1688 1230 1722 recessus
1258 1690 1315 1723 ma·

184 1739 212 1787 ris
231 1745 261 1788 ut
284 1737 406 1802 Caspius
427 1738 564 1787 Arabicus
582 1735 719 1788 indicus)
741 1765 774 1775 -
809 1739 897 1788 Varro
919 1741 952 1788 L.
976 1741 1008 1788 L.
1032 1741 1085 1789 Vll
1108 1741 1153 1789 22:
1191 1741 1317 1792 ‘Dictum

184 1806 272 1855 mtum
295 1800 315 1854 a
336 1804 518 1854 similitudine
538 1807 672 1854 feruentia
696 1821 800 1870 aquae,
831 1806 902 1870 quod
920 1808 949 1856 in
972 1808 1072 1857 fretum
1096 1822 1180 1872 saepe
1203 1823 1316 1860 concur-

183 1880 217 1922 rat
232 1879 329 1923 aestus
347 1877 430 1937 atque
449 1871 638 1922 effenuoscatst
683 1873 786 1923 Paulus
809 1873 888 1922 I’esti
909 1890 935 1938 p.
954 1874 1000 1924 89:
1037 1874 1162 1924 ‘Flustra
1180 1875 1316 1936 dicuntur,

184 1956 253 2005 quum
276 1940 306 1989 in
331 1941 401 1989 mari
423 1939 523 1989 fluctus
545 1956 599 1989 non
622 1948 778 2001 mouentur,
807 1956 888 2005 quarn
906 1941 1008 1991 Gracci
1030 1940 1178 2007 μαλακίαν
1195 1943 1317 1995 uocant.’

184 2008 283 2059 &rrius
306 2006 377 2056 Aen.
402 2007 430 2058 11
452 2005 515 2057 305:
546 2007 675 2057 ‘'lorreus
698 2008 810 2071 fluuius,
835 2009 880 2072 qui
904 2014 1013 2059 aestate
1036 2010 1170 2070 siccatur,
1193 2011 1266 2061 unda
1290 2019 1318 2062 et

183 2090 272 2126 nomeu
300 2071 442 2138 accepit-¹
488 2073 581 2125 Schol.
609 2075 709 2125 Veron.
737 2076 805 2125 Asu.
835 2076 852 2128 l.
881 2091 920 2125 c.:
967 2077 1106 2129 ‘Torreus
1136 2077 1181 2141 qui
1209 2085 1317 2130 aestate

184 2157 303 2193 naseam
331 2141 423 2191 hierna
448 2140 608 2192 attollitur)
648 2143 748 2192 Festus
770 2159 797 2207 p,
820 2141 870 2192 352
893 2142 942 2206 (ci.
966 2143 1069 2194 Paulus
1090 2145 1169 2194 Festi
1192 2162 1219 2209 p.
1241 2144 1316 2211 35i):

184 2210 302 2261 'lorreus
331 2208 526 2274 principaliter
553 2225 602 2274 pro
632 2225 749 2260 exurens
778 2211 907 2275 ponitur,
937 2216 968 2260 ut
998 2220 1041 2261 est
1069 2210 1142 2276 apud
1164 2213 1317 2263 Pacuuium

183 2277 348 2341 indutiops:
373 2275 516 2326 Flammeo
535 2290 638 2342 uapore
655 2284 762 2327 torrens
781 2282 871 2327 terrae
891 2278 977 2328 saturn
995 2279 1139 2329 exusserit.
1175 2279 1317 2342 significat

183 2347 256 2395 etiarn
274 2344 390 2395 fluuium
407 2343 508 2393 subitis
525 2344 659 2394 imbribus
678 2346 856 2406 concitatum,
876 2347 922 2410 qui
941 2345 1044 2411 alioqui
1062 2345 1239 2395 siccitatibus
1253 2362 1315 2396 exa·

183 2410 275 2463 aseit’
292 2412 346 2463 boc
359 2410 429 2460 (luce
439 2410 580 2461 Beckerus
589 2412 712 2477 prolegg.
727 2411 761 2461 ud
773 2412 870 2461 isidor.
884 2429 909 2478 p.
923 2412 1316 2477 XVlsq.Suetonianu111sen·

183 2481 289 2531 tentiam
302 2479 338 2529 ab
351 2477 460 2529 Isidoro
471 2478 627 2528 mutilatam
638 2480 679 2528 ita
692 2480 828 2530 restitnit:
852 2481 1002 2530 Torrcns
1022 2480 1150 2530 fluuius
1170 2480 1224 2544 qui
1242 2480 1315 2545 plu·

259 2645 269 2695 Ι
287 2651 374 2691 mare
393 2651 448 2691 om.
467 2635 492 2689 A
506 2626 520 2711 Η
533 2630 716 2709 profundum
731 2630 841 2689 dicitur
853 2635 902 2690 01)
916 2627 929 2712 Η
946 2634 1054 2708 Vuaga
1066 2638 1088 2690 A
1100 2636 1226 2708 abnega
1242 2635 1315 2692 Oui.

183 2717 292 2795 Vuagic
312 2723 343 2774 iu
360 2736 415 2791 αα.
431 2736 468 2773 m.
491 2720 554 2773 ’ead
573 2715 654 2774 uada
671 2717 705 2773 M
716 2711 729 2797 Η
745 2715 826 2774 uada
843 2727 912 2775 sunt
930 2719 977 2774 01)
992 2712 1005 2797 Η
1021 2719 1061 2774 im
1082 2720 1115 2774 M
1128 2712 1142 2798 Η
1156 2737 1239 2776 mare
1250 2712 1315 2774 ΑΙ)ἱ

183 2796 219 2881 Η)
233 2803 328 2860 istarc
339 2806 364 2859 A
373 2809 457 2859 stare
474 2802 521 2857 01)
536 2794 549 2881 Η
564 2800 709 2877 uergilius
721 2803 769 2857 01)
784 2796 797 2881 Η
820 2803 902 2875 Vcrp.
916 2806 986 2858 Aen.
1000 2804 1019 2858 1
1030 2808 1080 2858 111
1094 2796 1108 2882 Η
1123 2801 1209 2859 breui
1221 2797 1288 2859 AM¹
1302 2797 1314 2879 Η

182 2886 331 2965 appellant
342 2888 377 2943 M
388 2879 402 2968 Η
418 2904 537 2965 quae-
546 2882 656 2961 βραχέα
667 2905 721 2941 om.
739 2886 799 2943 AM
811 2880 824 2966 Η
839 2896 856 2946 3
870 2885 996 2943 brachia
1008 2888 1081 2944 CDO
1097 2883 1109 2966 Η
1125 2887 1246 2943 maioris
1261 2888 1318 2943 AM
1427 2934 1431 2939 .

183 2968 194 3043 Η
202 2982 233 3028 ut
244 2981 292 3030 est
304 2973 353 3028 01)
368 2966 382 3050 Η
398 2968 533 3047 campius
542 2965 581 3027 Ι)ι
597 2967 610 3045 Η
626 2981 642 3030 4
655 2970 767 3029 lssicus
779 2974 850 3027 coni.
864 2973 970 3044 Lunps.
979 2965 991 3050 Η
1001 2967 1145 3047 minores]
1156 2971 1285 3028 maiores
1296 2973 1317 3028 0

190 3055 303 3131 {anguli
317 3053 460 3112 dicuntur
469 3055 541 3111 CDL
555 3051 569 3134 Η
583 3064 748 3131 paestanus
757 3064 923 3113 niatrestae
937 3058 1115 3133 Opertanns
1128 3057 1191 3112 DM
1202 3059 1320 3113 Arcuab'

181 3141 241 3197 turi
255 3140 428 3198 Paestanus
443 3138 617 3214 Ligusticus
639 3142 711 3201 coni.
738 3142 844 3213 Lanos.
859 3137 872 3220 Η
889 3140 1056 3198 anticlanus
1079 3142 1127 3197 01)
1150 3138 1317 3197 arniolanus

182 3222 358 3283 fluctuantes
370 3224 430 3281 AM
439 3227 476 3280 ul.
493 3219 506 3302 Η
521 3223 663 3284 bsimilcs
675 3224 795 3281 nomina
810 3227 901 3283 maris
911 3224 1053 3282 dixerunt
1065 3228 1087 3282 0
1102 3219 1115 3304 Η
1131 3223 1237 3281 flustra
1249 3232 1318 3282 sunt

182 3309 246 3366 010
257 3309 370 3366 frustra
381 3317 453 3366 sunt
463 3308 490 3364 D
505 3301 518 3389 Η
532 3308 733 3371 fiiluctuantis
745 3328 799 3366 om.
816 3311 843 3366 b.
856 3314 874 3367 1.
890 3310 951 3366 AM
963 3304 976 3388 Η
992 3308 1076 3367 uelut
1088 3309 1251 3365 Beckerus:
1269 3307 1318 3367 uel

181 3394 296 3451 AMom.
314 3393 413 3450 CMLO
428 3394 563 3468 {inanius
579 3390 735 3470 ,40111ΜΗ
751 3395 880 3470 poenico
897 3397 957 3449 luo.
980 3396 1160 3452 Gronovius:
1178 3394 1249 3470 poni
1261 3394 1321 3450 AM

182 3477 351 3554 pontificol
366 3474 489 3555 pontico
500 3479 529 3534 iu
543 3477 742 3555 inscriptione
757 3478 900 3555 Opunico
915 3480 962 3534 01)
977 3473 990 3557 Η
1005 3475 1170 3536 sic-salo
1186 3496 1238 3534 orn.
1252 3479 1317 3547 AM,

181 3566 204 3618 iu
218 3565 244 3619 A
257 3566 352 3634 spatio
369 3563 516 3619 duodecim
536 3566 697 3619 litterarum
715 3566 933 3629 sumereburc,
950 3566 979 3619 iu
997 3564 1032 3619 M
1041 3582 1094 3636 nup.
1110 3555 1124 3618 i
1137 3555 1151 3642 Η
1167 3559 1222 3635 sic]
1236 3561 1318 3641 qnod

182 3642 227 3727 ⁰ll
242 3648 370 3703 Moscius
383 3648 445 3703 beu.
470 3647 558 3704 Poen.
575 3647 683 3719 froom.
699 3649 756 3704 inc.
783 3649 808 3703 l'
832 3649 913 3703 i'ubl.
930 3640 944 3727 Η
958 3654 973 3708 ’1
992 3646 1171 3704 ltoncrariae
1187 3648 1285 3704 01)(11
1305 3642 1316 3724 Η

180 3728 323 3791 honustae
341 3730 441 3786 CDOL
460 3724 474 3810 Η
495 3725 790 3811 stabuntul.11811t]
811 3734 886 3789 acO
908 3724 922 3810 Η
943 3729 1048 3788 solaO
1069 3726 1081 3810 Η
1103 3738 1280 3807 precurrunt
1300 3732 1322 3786 0

180 3821 375 3890 praesumunt
394 3814 421 3870 Ι)
442 3807 455 3894 Η
476 3814 570 3872 moles
588 3835 685 3892 aquae
709 3816 841 3873 crnincnt
864 3824 895 3872 et
911 3824 1109 3892 prorumpunt
1122 3819 1196 3872 corui.
1214 3817 1318 3888 Lanos.

181 3894 370 3977 lldfacubius
383 3900 433 3954 AL
444 3897 606 3976 laucubius
615 3901 648 3956 M
661 3899 810 3957 fauculius
825 3903 847 3955 0
862 3896 874 3979 Η
891 3900 935 3955 sic
947 3898 989 3957 ait
1000 3903 1068 3957 add.
1082 3903 1104 3957 L
1118 3893 1132 3979 Η
1147 3901 1321 3960 9Pucuoius

180 3988 232 4041 ³94
247 3985 329 4042 Bito.
352 3976 366 4063 Η
391 3992 425 4043 10
440 4002 544 4040 omnes
566 3982 700 4042 latebras
724 3983 846 4041 subluto
869 3982 949 4040 mole
972 3983 1126 4041 abstrusos
1148 3983 1230 4040 sinus
1251 3984 1319 4038 Rib-

179 4068 304 4127 leckius:
335 4086 442 4124 omnes
460 4065 595 4125 latebras
611 4068 731 4126 subletu
751 4068 850 4124 rainae
874 4066 968 4142 (mole
988 4067 1033 4144 M)
1054 4067 1210 4126 abstrusas
1227 4069 1320 4136 spatio

180 4170 262 4212 nouo
273 4152 472 4211 relt'ctosinus
487 4156 528 4208 itu
548 4160 580 4208 ut
598 4154 681 4210 sinus
699 4157 738 4208 ud
751 4158 899 4224 sequuntur
915 4154 1066 4226 reseratur
1080 4152 1138 4207 AM
1158 4153 1194 4205 ul.
1215 4167 1319 4205 ornnes

179 4233 306 4298 latebras
321 4235 381 4295 sub
399 4236 462 4294 leto
479 4235 558 4293 mole
580 4235 735 4294 obstrusas
753 4237 836 4293 sinus
860 4238 932 4293 01)1
952 4240 1009 4293 uisi
1026 4240 1103 4308 quod
1124 4232 1278 4290 abstrusas
1297 4233 1320 4288 1

180 4340 274 4383 omnes
303 4320 444 4380 latebras
467 4318 608 4378 sublaetu
631 4321 710 4378 molo
732 4320 888 4378 abstrusas
909 4321 993 4377 sinus
1016 4325 1158 4377 (lonnics
1184 4314 1318 4374 latebras

178 4407 300 4468 subcunt
315 4406 397 4466 laeti
409 4404 490 4464 mole
502 4402 657 4463 abstrusas
673 4406 755 4464 sinus
771 4406 930 4463 Muellerus
951 4405 1057 4463 omnes
1074 4398 1208 4461 latebras
1227 4397 1321 4460 sdbiit

1061 4501 1124 4562 16*
