2964 5002
364 401 605 446 arrrssnssra
628 401 718 445 nram
739 402 782 443 ne
803 403 890 447 asne
914 403 1117 447 aosasoavu
1256 386 1312 449 tet

166 552 224 617 gine
235 551 399 617 tegebatur.
425 566 494 602 narn
507 556 571 603 ante
583 552 734 616 Augustum
747 550 897 603 Caesarem
908 552 1014 602 incerto
1027 552 1105 604 modo
1124 569 1223 603 annmn
1242 569 1313 603 com-

166 621 306 686 putabant,
325 620 374 685 qui
393 621 469 686 apud
481 619 632 686 Aegyptios
644 624 773 683 quattuor
790 621 928 671 mensibus
946 620 1158 682 terminabatur,
1181 622 1252 686 apud
1264 623 1312 671 Ar·

166 688 245 738 cadas
256 685 613 753 tribus,[apnddearnanas
623 703 682 749 sex,
693 687 722 736 in
729 687 811 737 liuba
824 688 896 754 apud
904 688 1036 737 Larrinios
1046 688 1186 747 tredecim,
1201 704 1313 752 qnonrm

167 770 248 805 mnus
264 755 403 806 trecentis
421 755 601 821 septuaginta
620 760 649 804 et
665 760 793 819 quattuor
809 756 906 805 diebus
924 756 1074 805 serebatur.
1100 756 1215 805 Romani
1234 757 1313 805 initio

166 839 260 873 annum
273 823 375 873 decem
387 822 530 873 mensibus
542 827 771 887 eomputauerunt
784 838 801 872 a
813 823 915 872 Martio
929 823 1107 887 auspicantes
1125 824 1194 873 adeo
1212 830 1242 872 ut
1253 825 1312 872 eius

166 892 206 940 die
256 892 313 941 'ma
330 890 365 941 de
379 891 437 941 aris
448 889 608 940 Vestalibus
620 891 700 955 ignes
712 890 911 952 accenderent,
933 891 1229 946 mutarentueteribus
1247 891 1312 939 uiri·

166 959 212 1008 des
233 972 344 1019 aureas,
357 963 474 1009 sanatus
486 964 515 1007 et
526 956 641 1022 populus
654 957 765 1007 comitIa
780 963 911 1023 agerent,
924 964 1067 1007 matronae
1080 959 1168 1008 seritis
1180 959 1236 1008 suis
1250 973 1311 1007 eoe-

166 1042 214 1077 ιιι
233 1032 372 1092 ponerent
387 1025 472 1075 cicun
490 1024 681 1075 Saturnalibus
704 1024 819 1076 domini:
843 1024 910 1074 illae
932 1032 961 1073 ut
981 1041 1031 1090 per
1047 1025 1164 1074 honores
1182 1026 1312 1090 promtius

167 1094 324 1158 obsequium
340 1098 539 1159 prouocarent:
563 1092 591 1140 bi
613 1092 692 1156 quasi
713 1094 833 1157 gratiam
856 1097 1037 1157 repensarent
1060 1093 1177 1157 perfecti
1195 1093 1311 1142 laboris:

167 1163 336 1226 nummoque
348 1161 421 1210 bime
434 1176 555 1211 mensem
567 1159 720 1225 principem
731 1165 849 1210 testatur
862 1160 957 1221 fuisse,
972 1161 1043 1224 quod
1055 1161 1101 1225 qui
1122 1160 1158 1210 ab
1170 1160 1222 1209 boc
1235 1161 1311 1225 quin·

167 1238 207 1279 tus
218 1233 281 1279 erat
291 1228 425 1290 Quintilis
436 1227 527 1277 dictus
539 1237 589 1288 est,
603 1227 702 1277 deinde
720 1243 833 1277 numero
855 1228 1018 1276 decurrente
1032 1227 1186 1276 December
1203 1229 1311 1276 sellem-

128 1322 136 1339 ι
167 1296 383 1347 nemcircuitum
396 1293 682 1345 finiebatintradicm
706 1295 928 1344 trecentesimum
942 1300 1074 1359 quartum.
1095 1301 1159 1344 tunc
1174 1296 1244 1344 cuim
1258 1296 1310 1345 iste

167 1380 291 1414 srrmerns
304 1363 439 1429 explebat
451 1378 559 1423 annum,
573 1363 614 1411 ita
625 1367 655 1412 ut
667 1377 715 1411 sex
729 1377 837 1412 menses
850 1363 983 1411 tricenum
996 1362 1100 1411 dierum
1113 1370 1219 1424 essent,
1234 1368 1310 1427 qnat-

167 1440 224 1481 tuor
234 1431 336 1496 reliqui
348 1430 464 1480 tricenis
477 1438 505 1478 et
516 1429 632 1495 singulis
645 1429 849 1494 expedirentur.
873 1429 922 1478 sed
940 1444 1000 1478 eum
1019 1430 1088 1479 ratio
1106 1429 1156 1478 illa
1175 1438 1238 1479 ante
1256 1431 1310 1479 Nu-

167 1516 233 1549 rasm
247 1515 265 1549 a
278 1498 363 1549 lunae
376 1513 458 1548 cursu
471 1497 648 1563 discreparet,
662 1496 752 1546 lunari
769 1497 972 1561 computatione
991 1512 1090 1546 annum
1109 1504 1312 1561 peraequarunt

167 1568 367 1634 qninquaginta
385 1572 485 1615 etune
502 1565 545 1613 die
565 1565 662 1615 auctis.
691 1569 721 1613 ut
739 1581 805 1630 ergo
822 1564 987 1629 perlicerent
999 1565 1049 1614 XII
1069 1581 1190 1626 rnenses,
1209 1566 1243 1614 de
1262 1582 1310 1614 sex

166 1635 303 1685 mensibus
315 1633 504 1700 superioribus
515 1632 694 1682 detraxerunt
705 1631 764 1681 dies
777 1630 899 1696 singulos
913 1647 1013 1696 eosque
1034 1633 1232 1696 quinquaginta
1249 1633 1310 1682 istis

167 1708 257 1752 etnno
269 1702 368 1751 diebus
382 1700 579 1760 adnexuerunt,
602 1699 725 1763 laetique
744 1699 943 1764 quinquaginta
963 1701 983 1747 V
986 1700 1011 1748 II
1030 1700 1111 1749 ‹liuisi
1124 1707 1186 1749 sunt
1203 1702 1231 1749 in
1243 1702 1310 1750 dues

166 1786 287 1827 nenses,
306 1784 420 1834 qnorum
440 1766 511 1817 alter
522 1767 651 1816 XXVIIII
671 1767 741 1816 alter
753 1767 869 1816 XXVIII
887 1767 946 1815 dies
964 1766 1135 1817 detinebant.
1165 1769 1204 1817 sic
1224 1783 1311 1818 annua

165 1838 267 1888 habere
284 1838 406 1903 quinque
425 1844 508 1899 atque
526 1835 725 1900 quinquaginta
739 1840 766 1883 ct
778 1840 917 1884 trecentos
934 1835 993 1884 dics
1015 1835 1116 1899 coepit.
1140 1837 1311 1901 postmodum

166 1920 222 1955 eam
235 1905 431 1971 perspicerent
448 1909 552 1952 temere
565 1917 665 1951 annum
689 1902 811 1952 clausum
828 1904 901 1951 intra
920 1902 979 1952 (lies
999 1917 1065 1966 quos
1084 1918 1166 1968 supra
1185 1903 1309 1964 diximus,

166 1972 384 2038 qnandoquidem
398 1974 547 2036 appareret
557 1969 625 2019 solis
638 1975 758 2018 meatum
774 1984 829 2018 non
847 1975 911 2018 ante
930 1971 1151 2020 trecentesimum
1169 1972 1310 2036 sexagesi-

165 2056 233 2091 smm
246 2040 371 2105 quintum
383 2038 457 2088 diem
471 2037 628 2086 abundante
641 2037 753 2102 insuper
770 2037 930 2101 quadrantis
949 2038 1084 2102 particula
1102 2039 1244 2089 zodiacum
1262 2039 1308 2087 dc-

166 2108 245 2158 fieere
257 2108 419 2164 (lacurnam,
433 2105 612 2169 quadrantem
626 2104 702 2153 illum
714 2111 742 2153 ct
754 2105 850 2154 decern
862 2104 921 2153 dies
935 2105 1111 2166 addiderunt,
1130 2110 1160 2154 ut
1178 2106 1212 2154 ad
1231 2106 1309 2170 liqui-

166 2175 224 2225 dam
238 2190 328 2225 annus
340 2173 474 2223 trecentis
486 2171 582 2222 diebus
593 2172 741 2236 sexaginta
754 2171 870 2236 quinque
882 2177 910 2219 et
919 2172 1070 2236 quadrante
1081 2177 1234 2234 constaret,
1248 2173 1309 2222 hor·

167 2250 239 2293 tante
252 2241 451 2292 obseruatione
465 2239 577 2304 imparis
588 2239 707 2300 numeri,
729 2254 809 2302 quem
821 2239 995 2303 Pythagoras
1011 2241 1115 2289 monuit
1131 2241 1264 2305 praeponi
1281 2242 1309 2289 in

167 2311 288 2361 amnibus
300 2313 440 2375 oportere.
464 2307 536 2357 unde
547 2313 660 2373 propter
672 2307 730 2355 dies
742 2307 862 2371 impares
880 2306 932 2357 diis
949 2308 1055 2372 superis
1074 2312 1101 2354 et
1114 2308 1256 2357 {serrarius
1270 2309 1308 2357 di·

167 2385 241 2429 eatur
254 2384 283 2427 ct
294 2376 426 2427 Martius:
444 2380 555 2440 proptor
567 2389 649 2440 pares
662 2374 829 2424 Februarius
842 2374 920 2441 quasi
933 2375 1070 2424 ominosus
1087 2373 1139 2423 diis
1151 2375 1250 2424 inferis
1262 2377 1308 2424 de-

167 2454 283 2512 putatur.
310 2460 371 2494 cum
388 2443 484 2507 itaque
503 2441 573 2491 haec
587 2441 710 2491 definitio
728 2445 786 2492 teto
799 2441 864 2491 orbe
877 2441 1043 2506 placuIsset,
1057 2442 1229 2490 custodiendi
1243 2459 1307 2507 qua·

167 2513 270 2563 drantis
316 2512 374 2562 atis
388 2527 405 2561 a
417 2509 534 2560 diuersis
546 2509 675 2575 gentibus
687 2509 764 2558 narie
783 2509 1000 2559 intercalabatur
1015 2525 1066 2558 uec
1079 2524 1205 2573 umquam
1216 2516 1309 2560 tamen

168 2581 199 2631 ad
210 2580 278 2645 liqui
298 2596 342 2628 nur
356 2578 443 2628 fiebat
455 2583 606 2642 temporum
620 2577 807 2640 peraequatio.
834 2576 935 2625 Graeci
954 2593 1018 2641 ergo
1036 2577 1151 2639 singulis
1174 2578 1253 2625 aruris
1271 2578 1309 2625 XI

167 2648 222 2698 dies
234 2653 264 2698 et
276 2648 460 2712 quadrantem
472 2644 655 2695 detrahebant
673 2659 773 2707 eosque
787 2644 874 2693 octies
893 2643 1088 2708 ruultiplicates
1102 2645 1129 2692 in
1144 2659 1243 2693 anuum
1262 2659 1308 2692 no-

168 2732 227 2767 num
239 2713 433 2775 reseruabant,
446 2718 476 2762 ut
488 2717 645 2763 contractus
657 2713 861 2775 nonagenarirrs
874 2727 1000 2760 nuurerus
1018 2713 1046 2760 in
1059 2712 1125 2779 treis
1139 2727 1247 2761 menses
1261 2727 1310 2775 per

169 2785 285 2834 tricenos
297 2782 357 2832 dies
369 2780 553 2832 scinderetur:
567 2779 612 2844 qui
626 2794 698 2828 anne
715 2793 786 2828 none
800 2779 919 2827 restituti
933 2778 1093 2828 efficiebant
1110 2780 1169 2829 dies
1183 2778 1309 2844 quadrin-

168 2857 263 2915 gentos
281 2850 467 2915 quadraginta
486 2853 626 2912 quattuor,
645 2862 711 2910 quos
724 2846 883 2905 embolirnes
901 2846 945 2896 uel
958 2846 1169 2911 bypeballentas
1187 2847 1309 2895 nemina-

168 2919 239 2969 bant
271 2917 420 2983 quodcum
439 2916 467 2965 in
485 2915 562 2965 initio
581 2915 697 2963 Romani
715 2915 879 2979 probassent
897 2914 1129 2978 rrorrtemplatione
1148 2914 1243 2979 parilis
1261 2929 1309 2962 nu·

170 2988 232 3036 neri
255 2985 412 3049 neglectmn
437 2983 514 3032 breui
535 2982 712 3047 perdiderrmt
733 2981 871 3031 translata
893 2981 921 3029 in
945 2982 1103 3030 sacerdotes
1126 2981 1309 3031 intercalandi

169 3059 314 3119 potestate,
324 3053 370 3117 qni
380 3051 536 3117 plerumque
549 3050 739 3115 gratificantes
749 3050 901 3099 rationibus
913 3049 1121 3114 publicanorum
1133 3067 1182 3115 pro
1195 3049 1309 3098 libidine

170 3119 429 3171 snastrbtrahebant
446 3124 567 3182 tempore
585 3116 630 3167 uel
649 3118 797 3182 augebant.
825 3133 886 3165 cum
906 3116 976 3165 baec
993 3117 1033 3166 sic
1052 3118 1143 3166 ferent
1160 3119 1310 3167 corratitnta

170 3189 314 3252 mediisque
331 3184 515 3236 intercalandi
537 3185 672 3234 interdum
695 3185 858 3234 cumulatior
880 3185 1016 3233 interdum
1038 3184 1117 3234 tieret
1133 3185 1309 3246 imminutior,

170 3257 210 3306 acl
222 3257 333 3306 omnino
345 3252 531 3303 dissImulatus
543 3253 747 3316 praeteriretur,
761 3267 963 3316 nonnumquam
977 3252 1137 3313 accidebat,
1159 3258 1188 3301 ut
1200 3267 1310 3302 menses

171 3325 212 3389 qui
224 3325 336 3373 inerant
348 3320 482 3371 transacti
494 3319 583 3368 bieme
597 3319 676 3368 medo
689 3321 823 3369 aestiuum
842 3321 920 3368 modo
940 3319 1097 3368 autumnale
1116 3325 1223 3385 tempus
1241 3319 1308 3368 inei·

170 3392 272 3441 dereut.
290 3390 382 3454 itaque
396 3389 502 3437 Caesar
513 3389 668 3436 uniuersam
681 3387 751 3436 bam·
766 3387 978 3436 inconstantiam
989 3388 1077 3437 incisa
1092 3392 1242 3451 temporum
1254 3394 1309 3436 tur·

171 3458 278 3508 batione
293 3455 458 3522 eornposuit,
477 3460 504 3505 et
521 3462 550 3503 ut
567 3460 669 3503 statum
686 3462 790 3503 ‹zcrturu
809 3456 975 3519 praeteritus
989 3470 1063 3503 error
1076 3455 1230 3520 acciperet,
1250 3454 1310 3504 dies

171 3526 230 3577 XXI
242 3534 271 3574 et
283 3524 464 3590 quadrantem
476 3522 555 3571 simul
572 3521 761 3571 intercalauit:
782 3539 833 3585 quo
847 3527 929 3586 paeto
942 3522 1082 3585 regradati
1095 3538 1203 3571 menses
1216 3523 1249 3570 de
1264 3538 1308 3570 ec-

171 3598 225 3644 tero
237 3599 342 3643 statuta
355 3590 457 3642 ordinis
470 3591 512 3639 sui
525 3596 649 3653 tempora
665 3589 831 3638 detinerent.
856 3589 903 3637 ille
922 3605 987 3654 ergo
1006 3604 1093 3639 annus
1111 3590 1185 3639 solus
1202 3595 1308 3639 trecen·

171 3666 208 3710 tos
220 3661 325 3711 XLIIII
337 3660 397 3708 dies
408 3657 513 3718 babuit,
527 3657 574 3706 alii
587 3657 717 3722 deinceps
730 3664 906 3706 trecentenos
919 3672 1074 3722 sexagenos
1088 3658 1183 3720 quinos
1203 3663 1230 3705 et
1243 3673 1307 3721 qua·

170 3728 298 3778 drantenr.
325 3733 352 3776 et
370 3732 434 3774 tuuc
453 3740 558 3789 quoque
574 3724 671 3774 uitium
685 3725 832 3774 admissum
846 3732 888 3774 est
905 3741 954 3789 per
965 3723 1133 3773 sacerdotes.
1166 3741 1229 3774 nam
1249 3740 1309 3774 cnm

172 3801 342 3860 praeceptum
361 3798 450 3853 esset,
469 3808 541 3841 auno
559 3799 655 3856 quarte
674 3798 703 3842 ut
720 3792 918 3842 intercalarent
935 3807 1017 3841 unum
1035 3791 1106 3841 diem
1126 3796 1154 3840 et
1171 3798 1310 3858 oporteret

172 3865 293 3913 conlecto
305 3868 402 3926 quarto
416 3875 487 3910 anuo
500 3860 527 3909 id
540 3861 680 3909 obseruari
700 3868 847 3924 antequam
865 3861 974 3923 quintus
993 3859 1197 3923 auspicaretur,
1215 3858 1256 3908 illi
1268 3861 1308 3908 in-

172 3932 285 3996 cipiente
304 3935 402 3995 quarte
420 3927 619 3977 intercalatum
636 3943 691 3977 neu
708 3928 860 3976 desinente.
890 3928 930 3976 sic
948 3944 997 3992 per
1016 3943 1102 3976 annos
1119 3942 1167 3976 ser
1186 3933 1214 3975 et
1233 3927 1308 3975 XXX

173 4013 226 4049 turn
243 4012 341 4047 nouem
359 3996 420 4044 dies
437 3996 622 4044 tantummodo
640 3997 769 4044 sufficere
793 3995 966 4055 uetuisset,
990 3996 1041 4044 XII
1059 4001 1122 4043 arrnt
1140 3994 1308 4043 intercalati.

172 4067 236 4130 quod
249 4064 444 4130 reprehensum
458 4064 594 4127 Augrrstus
607 4063 768 4111 reformauit
784 4062 916 4125 iussitque
936 4078 1023 4112 aurros
1040 4063 1092 4111 XII
1109 4063 1170 4111 sine
1188 4064 1309 4109 interea·

172 4132 268 4183 latione
281 4133 437 4188 decurrere,
451 4137 481 4177 ut
493 4136 548 4178 tres
561 4131 601 4178 illi
614 4131 682 4192 dies,
697 4131 740 4194 qui
755 4129 826 4177 ultra
838 4144 936 4179 nouem
949 4130 1121 4180 necessarios
1132 4135 1235 4179 temere
1250 4128 1308 4175 fue-

171 4207 228 4250 rant
240 4198 414 4257 intercalati,
432 4196 483 4245 bec
502 4198 580 4246 modo
598 4205 709 4261 possent
727 4197 877 4261 repensari.
903 4213 937 4247 er
955 4214 1008 4260 qua
1026 4197 1172 4261 disciplina
1191 4195 1308 4243 cranium

172 4276 262 4332 postea
275 4276 429 4331 temporum
443 4264 559 4314 fundata
573 4266 659 4314 rectio
673 4270 723 4314 est.

248 4333 390 4385 Polemius
413 4332 512 4381 silvine
541 4332 635 4380 latere.
661 4349 685 4396 p.
710 4331 756 4380 ‘tlt
782 4331 824 4379 ed.
842 4331 964 4380 blonrms.
998 4331 1145 4392 (Abbandl.
1165 4329 1190 4377 d.
1211 4327 1308 4377 Slicbs.

172 4404 232 4455 ees.
243 4404 270 4453 d.
284 4402 328 4453 W.
343 4400 407 4464 111).
426 4401 520 4449 Annus
532 4401 646 4465 primurn
659 4401 755 4448 ‹lecenr
768 4397 901 4447 mensium
916 4399 969 4448 fnit
981 4399 1026 4462 qui
1038 4404 1178 4447 trecentos
1191 4400 1219 4446 et
1231 4402 1308 4460 quat·
