2964 5002
669 368 773 412 casvr
796 372 808 411 1
1251 360 1313 423 419

171 541 247 595 cam,
260 523 394 600 petitum
406 531 453 582 est
463 541 572 582 nomen
587 521 711 580 Tironis
720 531 860 582 notarum
871 524 1020 602 potissimi
1032 527 1165 586 auctoris
1179 526 1242 603 (qui
1251 536 1312 603 pri-

169 641 223 683 aua
232 631 315 682 natea
328 632 577 682 commemorasset
588 622 694 700 fragm.
708 620 777 685 105l
789 644 820 701 p.
830 632 888 697 135,
905 621 949 700 16)
963 635 993 684 et
1003 644 1021 683 a
1031 624 1157 687 librario
1167 629 1199 687 in
1212 630 1312 691 indica

169 734 196 785 ct
210 726 242 784 in
258 723 407 785 chronico
422 723 461 784 ab
476 724 665 806 Hieronymo
677 744 717 784 aa
732 725 994 799 commentatione,
1011 747 1102 805 quam
1113 729 1312 809 Tranquillus

168 827 249 907 operi
265 825 305 887 de
320 826 529 886 &manarum
544 825 714 886 litterarum
731 825 805 885 viris
821 826 999 887 inlustribus
1018 830 1156 908 epimetri
1172 831 1240 891 loco
1258 832 1312 892 ad-

168 925 242 987 didit
263 946 393 1008 quaque·
411 925 450 988 de
470 927 664 988 bibliothecis
686 929 787 1008 deque
803 928 849 986 eis
871 938 951 1006 quae
973 925 1013 987 ad
1036 932 1246 991 conservanda
1268 935 1311 993 in·

168 1026 305 1089 instrinm
327 1029 461 1089 virorum
481 1030 596 1108 scripta
620 1030 810 1109 pertinerent
832 1029 971 1090 omnibus
996 1030 1147 1093 disseruit.
1183 1034 1312 1114 quodsi

166 1130 374 1210 probaverim,
390 1131 541 1191 adicietur
556 1131 661 1206 simul,
676 1131 939 1208 grammaticorum
956 1140 987 1191 et
1001 1132 1156 1195 rhetorum
1170 1137 1250 1196 vitas
1266 1137 1310 1195 ul-

166 1234 236 1293 tirno
252 1234 323 1293 loeo
340 1252 359 1292 a
374 1229 522 1293 Suetonio
542 1233 657 1312 positas
674 1232 777 1292 fnisse.

185 1394 188 1399 .
247 1334 360 1414 Itaque
375 1331 512 1395 Isidorus
533 1334 630 1412 origg.
645 1335 661 1392 I
677 1343 707 1396 n
727 1332 783 1410 (cl.
802 1333 908 1411 fragm.
927 1331 1014 1414 lotii)
1031 1334 1141 1397 eadem
1155 1340 1251 1400 verbs
1264 1360 1309 1400 re·

166 1435 240 1514 petit
255 1455 339 1516 qnae
353 1436 560 1516 Hieronymus
572 1433 722 1495 Suetonio
740 1435 880 1494 nimirum
897 1446 1022 1495 auctore
1038 1436 1076 1496 de
1091 1438 1208 1501 'Pirene
1224 1462 1308 1503 usur·

165 1547 230 1617 pat,
251 1535 310 1597 sed
326 1538 371 1597 ita
388 1546 422 1599 at
436 1535 586 1616 adpareat
602 1557 640 1596 ea
652 1526 713 1596 non
729 1556 769 1594 ex
794 1535 1025 1616 chronographo
1047 1537 1209 1620 desumpta
1231 1563 1310 1604 esse.
1356 1511 1369 1524 .

165 1640 284 1701 intexta
304 1659 378 1698 vero
397 1649 469 1700 sunt
491 1647 684 1717 argumento,
708 1659 769 1718 quo
791 1647 927 1697 notarum
943 1659 1020 1718 qnae
1044 1639 1119 1701 dicit
1140 1644 1310 1722 vulgarium

165 1742 239 1803 ratio
256 1751 289 1801 ct
303 1741 432 1800 historia
445 1740 630 1820 explicatur.
654 1738 735 1800 idem
755 1739 948 1799 continuatur
962 1742 1069 1819 paucis
1083 1743 1251 1804 interiectis
1270 1745 1308 1806 da

165 1845 244 1905 notia
260 1840 400 1903 iuridicis
412 1851 442 1901 et
453 1842 649 1916 militaribus,
662 1839 814 1920 inquibus
826 1861 887 1900 non
900 1851 933 1899 ut
945 1842 976 1899 in
988 1842 1050 1902 illis
1062 1845 1220 1905 recondita
1236 1846 1308 1907 doc·

165 1947 243 2007 bina
254 1944 384 2014 eminet,
398 1945 499 2022 capite
512 1952 547 2006 24
558 1942 613 2022 (cf.
629 1943 739 2020 fragm.
759 1951 805 2005 107
815 1937 861 2019 *),
874 1963 933 2023 qno
944 1964 1043 2003 sermo
1056 1955 1103 2004 ast
1115 1945 1153 2005 de
1165 1949 1246 2009 notis
1259 1950 1309 2009 lit·

166 2057 312 2121 terarum,
328 2064 406 2125 qnae
424 2046 505 2105 inter
515 2065 549 2106 se
566 2055 687 2124 veteres
703 2043 875 2115 iaciebant,
893 2054 925 2103 ut
937 2045 1086 2126 quidquid
1100 2050 1220 2110 occulte
1231 2052 1309 2111 invi-

166 2169 227 2210 ccm
239 2168 297 2230 per
309 2147 475 2226 scripturas
485 2147 659 2224 significare
670 2148 784 2207 vellent
793 2155 896 2204 mutuo
904 2146 1081 2207 scriberent.
1096 2150 1139 2208 ibi
1150 2151 1311 2213 adhibetur

146 2239 154 2255 ⁸
167 2248 298 2329 Augusti
308 2248 442 2328 epistula
453 2247 492 2307 ad
503 2249 624 2308 Liviam
635 2250 666 2307 ni
680 2248 855 2321 coniectura
866 2266 915 2306 me
926 2246 1006 2306 fallit.
1016 2248 1139 2327 scripta,
1153 2272 1215 2331 quc
1224 2274 1310 2314 usum

166 2371 248 2413 snum
262 2358 405 2412 neuram
420 2349 452 2409 id
466 2351 589 2428 generis
606 2349 723 2411 Caesar
739 2349 885 2431 explieat.
908 2349 995 2407 cuius
1013 2368 1176 2410 memorem
1194 2373 1226 2412 se
1243 2375 1309 2433 pro·

167 2451 209 2514 dit
221 2453 390 2516 Suetonius
404 2454 484 2530 Ang-
504 2461 554 2524 88,
570 2472 637 2512 cum
654 2450 784 2511 eundem
800 2450 930 2526 Augusti
946 2467 1058 2508 morem
1077 2449 1193 2511 eisdem
1209 2456 1310 2515 verbis

167 2552 331 2640 describat⁷
356 2555 416 2612 iam
433 2573 506 2614 vcro
522 2553 569 2612 his
585 2553 764 2613 commentis
781 2550 819 2610 de
836 2552 915 2610 notis
929 2547 1107 2627 vulgaribus
1130 2561 1161 2610 et
1176 2554 1220 2612 eis
1236 2575 1309 2633 qua-

167 2676 228 2719 rnm
250 2655 439 2734 significatio
456 2657 577 2715 occulta
597 2655 655 2714 fuit
676 2653 871 2734 anteponitur
895 2651 1060 2731 disputatio
1081 2670 1107 2709 e.
1123 2661 1159 2715 20
1173 2653 1210 2713 dc
1229 2658 1309 2716 notis

167 2754 441 2836 grammaticorum,
468 2776 548 2838 quae
568 2757 707 2817 versibus
728 2765 886 2834 poetarum
913 2765 944 2814 ot
965 2754 1176 2814 historicorum
1195 2755 1309 2836 adponi

167 2867 360 2920 emanant.
389 2859 475 2918 cuius
491 2858 680 2919 consimilem
696 2859 858 2937 epitomam
879 2855 1001 2934 (fragm.
1019 2855 1119 2932 108*),
1142 2877 1233 2937 quam
1250 2859 1306 2917 Th.

168 2962 371 3022 Hommsenus
383 2960 415 3019 in
427 2958 493 3019 cod.
511 2961 610 3021 Paris.
627 2968 698 3023 7530
713 2981 736 3020 s.
749 2959 827 3019 Vlll
840 2957 880 3037 (a.
892 2957 956 3036 780)
971 2959 1116 3035 repperit,
1134 2979 1201 3019 cum
1214 2960 1308 3039 Berg-

167 3062 232 3125 bina
241 3064 275 3123 in
288 3060 385 3122 diario
400 3062 613 3142 antiquitatum
630 3071 697 3124 1845
709 3081 737 3139 p.
752 3071 787 3125 85
800 3081 867 3141 sqq.
879 3059 995 3138 publici
1007 3060 1081 3117 iuris
1092 3059 1216 3137 iaceret,
1231 3063 1309 3124 Sua·

103 3208 107 3217 ·
167 3167 279 3227 toaium
291 3164 359 3225 eins
371 3172 525 3223 auctorem
539 3159 699 3241 adpellare
710 3184 770 3221 nou
783 3162 943 3222 dubitavit.
964 3161 1138 3239 scriptorem
1150 3163 1232 3222 enim
1243 3165 1309 3224 eins

168 3268 275 3329 aetatis
287 3286 350 3347 qna
361 3265 526 3326 Suetonius
537 3264 754 3325 vixitindicari
765 3265 882 3324 monuit
892 3263 940 3324 his
951 3261 1068 3321 verbis:
1082 3264 1190 3322 Probus
1200 3275 1227 3323 et
1238 3270 1306 3325 anti·

98 3413 104 3437 ,
167 3371 309 3445 pacuvi
321 3387 352 3446 p.
369 3376 435 3440 139,
456 3376 481 3427 t.
496 3374 512 3429 'l
520 3411 529 3444 ‚
552 3366 662 3446 quibus
678 3367 797 3427 Probus
811 3365 1000 3444 Varguntaio
1016 3372 1048 3423 et
1062 3363 1155 3423 Aelio
1175 3368 1309 3447 antiquis

167 3468 370 3549 grammaticis
388 3476 540 3549 tamquam
561 3488 657 3528 novus
681 3479 896 3549 opponeretur.
925 3467 1022 3545 ipsum
1039 3484 1113 3524 veru
1132 3465 1310 3528 Suetonium

137 3639 142 3653 ‚
168 3570 315 3632 eiusmodi
326 3568 561 3648 disputationem
575 3572 735 3650 scripsisse
746 3571 860 3632 Suidae
870 3567 1074 3627 testimonium
1087 3568 1202 3643 arguit,
1222 3570 1274 3648 qni
1285 3588 1308 3628 s.
1391 3569 1392 3572 ’

168 3695 195 3739 r.
203 3668 396 3754 Τραὶγκαλλος
402 3671 579 3731 Suetonium
591 3668 657 3749 περὶ
669 3673 729 3730 τῶν
741 3667 773 3729 ἐν
781 3674 842 3741 τοῖς
853 3666 1117 3746 βιβλίοιςσημείων
1128 3666 1237 3727 librum
1248 3671 1309 3730 sin-

168 3776 303 3855 gularam
316 3775 439 3836 dedisse
452 3772 567 3835 scribit.
587 3773 644 3832 sed
655 3794 691 3833 eo
704 3772 817 3834 erravit
828 3771 989 3849 Bergkius‚
1004 3769 1086 3850 quod
1098 3769 1178 3828 hunc
1191 3770 1309 3830 titulum

169 3880 325 3959 urgentius
336 3878 553 3954 interpretatus
565 3884 664 3948 notas,
678 3895 754 3955 quas
765 3881 888 3933 veteres
901 3872 1091 3950 grammatici
1104 3870 1243 3930 versibus
1256 3872 1310 3931 ad·

168 3997 279 4057 ponam
290 3986 491 4039 consuessent
498 3964 548 4053 (τὰ
559 3973 782 4052 παρατιθέμενα
794 3977 854 4044 τοῖς
860 3974 969 4050 στίχοις
979 3972 1110 4051 σημεῖα),
1126 3974 1206 4033 solas
1216 3974 1308 4050 sigui-

169 4078 249 4141 bcari
269 4079 400 4161 putavit.
429 4097 539 4158 nempe
557 4077 609 4138 ille
629 4078 667 4137 dc
680 4077 822 4137 Parisino
837 4084 951 4136 tantum
974 4078 1107 4155 epitoma
1129 4073 1309 4152 Tranquillo

168 4181 358 4242 restituenda
368 4180 528 4258 cogitavit,
539 4179 650 4239 Isidori
665 4198 738 4239 vero
751 4187 952 4237 commentum
964 4182 999 4236 dc
1011 4181 1085 4235 rrotr‘s
1095 4179 1308 4248 scripturorum
1420 4249 1423 4255 ¹

169 4301 207 4342 ax
217 4283 277 4344 hac
290 4282 341 4342 rel
352 4281 442 4341 simili
455 4283 590 4361 epitoma
600 4281 723 4340 linxisse
736 4281 850 4339 statuit.
881 4277 961 4358 quod
975 4286 1080 4336 contra
1095 4274 1182 4334 uobis
1198 4271 1310 4330 Suidas

169 4394 296 4455 aerest
312 4381 513 4464 premendus,
532 4393 566 4442 ut
583 4384 681 4442 minna
696 4379 794 4455 dicat,
813 4400 904 4460 quam
919 4378 1083 4495 manifest?
1095 4372 1220 4446 dixerit,
1241 4391 1310 4431 eum

1007 4473 1047 4532 27
