2964 5002
520 383 548 424 F.
564 380 744 424 musonem
760 382 1001 426 COMMENTARIVS
1264 368 1326 430 485

195 553 273 615 quae
289 535 418 593 novavit
432 532 557 592 aliunde
573 534 686 607 holuit,
710 533 796 593 fonte
816 555 887 594 usus
909 536 1000 596 modo
1025 537 1172 597 mediocri
1193 548 1223 598 et
1239 541 1326 599 Vrhi·

194 624 387 709 uatlssimili
407 643 440 693 ut
465 655 496 712 p.
518 626 916 708 34,1adcspectus‚'m0d0
939 640 1076 716 proxime
1098 639 1266 699 accedente
1288 642 1326 701 ad

194 738 327 797 Parisini
342 741 367 794 A
387 737 606 815 praestantiam
626 748 659 796 ut
674 758 704 815 p.
721 745 769 810 27,
790 748 819 799 tl
831 741 986 811 psilotrum
999 750 1097 814 pietat,
1120 751 1169 814 31,
1186 748 1326 817 sineres·

193 857 270 906 rum,
294 842 500 913 34‚11icinio,
522 847 604 912 35,4
624 843 781 899 terentium.
819 842 897 899 Nam
922 861 977 899 sua
1003 851 1114 920 sponte
1140 844 1327 923 intellegitur

194 960 284 999 mum
301 938 437 999 codicem
453 959 520 999 esse
534 942 680 1019 potuisse,
698 943 749 1020 qui
761 942 898 1002 Asulano
914 952 1036 1020 praesto
1054 944 1152 1017 fucrit,
1169 944 1251 1004 bona
1265 966 1324 1005 ma·

194 1043 229 1103 lis
244 1043 433 1101 miscentem.

276 1142 438 1217 Simillima
457 1151 549 1223 atque
570 1145 650 1202 inter
665 1145 794 1203 Veteres
811 1154 841 1203 ct
855 1144 1001 1204 Aldinam
1022 1147 1098 1205 ratio
1126 1148 1327 1229 condicioque

195 1245 274 1304 inter
287 1244 434 1304 Aldinam
450 1254 480 1303 et
494 1241 666 1304 Parisinam
682 1245 848 1305 editionem
869 1247 1035 1306 intercedit
1057 1270 1075 1306 a
1091 1248 1225 1308 Roherto
1242 1251 1326 1310 Ste-

195 1346 319 1426 phano
336 1355 474 1426 paratam
489 1367 571 1405 anno
590 1356 664 1410 1529.
701 1348 804 1405 Pauca
826 1348 955 1407 fortasse
972 1369 989 1408 c
1005 1349 1158 1409 deteriore
1180 1351 1257 1410 libro
1274 1352 1326 1410 de·

196 1458 336 1528 prompta
356 1457 428 1507 sant
447 1458 481 1507 ut
501 1468 531 1526 p.
545 1456 588 1520 n,
605 1457 621 1511 6
642 1457 670 1506 ct
689 1453 845 1516 cornelius,
873 1457 920 1522 28,
940 1461 951 1510 l
973 1454 1053 1523 paras
1071 1455 1206 1510 subtritis:
1233 1455 1353 1512 multo·

189 1551 281 1637 plura
296 1569 360 1609 non
377 1531 547 1629 dperbono
562 1558 692 1623 tantum,
716 1549 772 1608 scd
794 1571 811 1609 e
831 1560 891 1609 tam
907 1552 996 1610 simili
1012 1555 1124 1612 veteris
1141 1555 1273 1613 Parisini
1294 1565 1327 1614 ut
1414 1602 1418 1609 .

196 1672 256 1711 uon
277 1652 376 1731 possit
395 1672 457 1710 non
480 1671 535 1730 pro
559 1651 668 1712 eodem
688 1651 803 1711 heberi.
847 1655 1039 1713 Documento
1066 1655 1142 1714 haec
1163 1666 1268 1715 sunto:
1295 1678 1325 1736 p.

196 1760 241 1826 at,
261 1761 294 1816 12
309 1756 358 1825 eb,
378 1760 427 1826 29,
444 1764 460 1815 5
482 1757 620 1820 omnium,
643 1758 796 1825 Moribus,
818 1761 833 1810 7
850 1764 993 1824 sumetur,
1015 1760 1076 1817 siu
1090 1766 1146 1830 est,
1171 1767 1203 1818 10
1216 1776 1326 1817 summu

197 1871 320 1929 quoquc,
341 1861 390 1927 32,
412 1859 582 1921 tuendum,
605 1863 684 1929 34,7
708 1860 788 1923 item,
809 1866 827 1918 8
846 1866 876 1914 tu
896 1855 1126 1938 insummis[s]o.
1147 1868 1194 1932 35,
1217 1863 1326 1930 3Lr'ha,

197 1960 220 2017 δ’
233 1961 263 2014 iu
284 1962 404 2016 actione.
449 1955 518 2034 Quo
539 1958 637 2016 minus
661 1957 766 2016 dubito
790 1958 829 2017 ad
850 1960 949 2038 ipsum
969 1961 1142 2019 Parisinum
1164 1965 1189 2017 Α
1212 1962 1326 2021 referre

198 2077 271 2138 quac
289 2057 328 2116 dc
344 2066 463 2118 vetusto
479 2057 613 2137 quodam
629 2060 796 2137 exemplari
817 2080 871 2118 suo
889 2061 1064 2139 Stephanus
1084 2064 1117 2121 in
1133 2063 1326 2141 praefatione

196 2158 338 2239 prodidit.
383 2158 431 2219 Ibi
448 2161 528 2218 enim
549 2146 717 2240 postquam¹
725 2162 841 2219 Donati
862 2163 1094 2221 commentarios
1115 2172 1177 2222 tum
1200 2166 1327 2242 primum

196 2261 392 2334 instauratos,
424 2259 570 2320 discretos
593 2262 829 2341 distinctosquc‚
854 2263 886 2320 in
909 2260 1048 2320 ordinem
1070 2284 1156 2322 suum
1175 2266 1326 2339 redactos,

196 2363 412 2442 aeorruptelis
435 2361 594 2435 liberatos,
625 2365 783 2442 suppletos
806 2364 951 2440 gloriatus
975 2372 1035 2436 est,
1064 2366 1164 2441 pergit
1191 2368 1224 2423 in
1246 2353 1347 2425 hunc⁴

196 2465 329 2525 madum:
353 2464 521 2523 ‘Postremo
536 2466 672 2543 reposita
687 2485 798 2543 graeca
812 2462 909 2544 propia
926 2466 1041 2536 omnia,
1066 2486 1122 2543 pro
1145 2465 1254 2543 quibus
1270 2487 1326 2549 an-

196 2567 280 2625 tehac
303 2566 407 2626 excusi
428 2565 548 2624 codices
571 2567 687 2624 lacunis
711 2565 775 2625 feris
797 2566 965 2625 scatebant.
1002 2567 1089 2625 Haec
1112 2567 1192 2623 enim
1215 2566 1326 2626 laboris

195 2687 262 2747 pars
286 2667 502 2745 operosissima
526 2668 600 2726 fuit:
626 2688 692 2725 eum
718 2668 750 2726 in
771 2676 891 2726 vetusto
914 2668 1081 2745 exemplari
1103 2686 1193 2726 manu
1212 2669 1325 2746 scripto

163 2804 172 2827 0
197 2766 290 2849 (quod
321 2766 411 2847 nohis
443 2776 508 2826 erat
539 2789 579 2827 cx
604 2768 685 2827 dorio
712 2769 820 2829 Iodoei
845 2766 936 2844 Badij
958 2771 1070 2847 optimi
1097 2770 1194 2828 soceri
1219 2769 1324 2841 nostri,

195 2869 293 2951 deque
308 2868 430 2949 optimis
452 2869 562 2947 studijs
583 2871 615 2928 in
639 2871 720 2929 omni
742 2872 805 2928 vita
825 2867 905 2928 bene
926 2862 1039 2945 meriti)
1063 2871 1190 2929 obscura
1209 2878 1326 2930 tanturn
1366 2906 1369 2911 -
1433 2900 1437 2909 ν

195 2980 345 3033 restarent
370 2972 501 3048 vestigia
526 2990 703 3049 graecarum
728 2973 895 3031 literarum:
927 2992 1021 3051 qliae,
1054 2974 1113 3031 nisi
1140 2972 1177 3030 ab
1203 2973 1325 3031 homine

194 3075 308 3154 perito,
333 3071 463 3130 diuinari
486 3093 548 3130 non
564 3082 717 3151 poteraut.
763 3074 850 3151 Quae
872 3075 974 3133 omnia
993 3074 1025 3132 in
1048 3075 1185 3133 fauorem
1207 3083 1237 3132 ct
1258 3074 1325 3132 suh·

194 3175 302 3235 sidium
322 3173 526 3232 studiosorum
546 3176 699 3253 praestitit
720 3176 843 3255 quidam
864 3184 981 3246 noster,
1005 3176 1064 3235 irnh
1087 3177 1251 3235 communis
1273 3197 1326 3255 op·

195 3278 257 3337 timi
283 3277 430 3354 cuiusque
456 3277 583 3347 amicus,
611 3274 721 3353 maced
750 3297 785 3335 ac
810 3263 906 3335 latiud
927 3277 1140 3338 doctissimus:
1168 3279 1219 3357 qui
1247 3279 1327 3337 hanc

193 3377 328 3456 suscepit
343 3375 589 3435 emendationem
605 3379 731 3457 antiquo
748 3379 816 3450 illo,
843 3383 932 3457 quem
956 3378 1035 3451 dixi,
1059 3378 1246 3456 potissimum
1266 3379 1325 3438 frc-

193 3489 239 3539 tus
261 3479 441 3556 archctypo.
487 3477 578 3537 Cuius
604 3479 696 3538 fidem
718 3481 775 3538 etsi
801 3480 833 3537 in
858 3480 1032 3558 plaerisquc
1059 3487 1179 3538 sacratus
1206 3489 1266 3538 est:
1294 3481 1325 3538 in
1376 3500 1378 3505 ·

193 3581 329 3661 plurimis
345 3588 447 3638 tamen
464 3588 510 3639 cst
524 3600 595 3640 usus
612 3583 786 3641 coniectura
801 3602 870 3639 sua:
894 3589 1045 3639 caeterum
1065 3596 1131 3640 non
1153 3583 1221 3640 sine
1241 3601 1324 3640 acer-

193 3683 283 3756 rimo,
314 3701 374 3762 quo
394 3681 553 3759 inprimis
575 3681 733 3761 praeditus
756 3691 816 3754 est,
843 3679 976 3740 iudicio'
1020 3682 1081 3741 Vbi
1107 3684 1196 3752 ‘Quae
1222 3682 1324 3741 emnia’

194 3803 258 3843 cum
273 3782 362 3855 dicit,
386 3802 449 3840 non
465 3781 503 3840 ad
521 3782 640 3842 Graeca
655 3793 772 3842 tantum
793 3783 847 3843 illa
863 3783 1053 3862 Stephanum
1077 3785 1246 3863 respicere,
1269 3784 1324 3842 sed

193 3885 281 3945 simul
302 3883 343 3942 ad
365 3891 481 3942 ceteras
508 3885 732 3943 emendationis
753 3894 856 3963 partes
877 3894 968 3942 antea
990 3895 1249 3957 commemoratas,
1276 3905 1324 3943 res

192 3986 262 4065 ipsa
288 3986 432 4065 loquitur.
478 3984 619 4044 Oetenrm
645 3988 728 4045 illum
755 3966 924 4065 ‘quendam
952 3994 1101 4058 nostnrm,
1131 3989 1192 4045 imo
1219 3988 1325 4065 optimi

193 4088 338 4167 cuiusque
353 4087 480 4144 amicum
496 4106 605 4164 graece
627 4108 662 4146 ac
682 4088 777 4145 latine
799 4086 1020 4145 doctissimum'
1042 4087 1170 4146 Iacobus
1185 4089 1322 4166 Bernay-

192 4188 254 4248 sius
268 4188 439 4268 suspicatur
454 4208 516 4245 non
533 4189 625 4247 alium
639 4189 698 4246 uisi
715 4188 897 4248 Guilelmum
912 4187 1104 4247 Budaeum
1119 4208 1197 4247 esse.

276 4289 352 4347 Post
368 4289 557 4369 Stephanum
580 4289 619 4349 ad
641 4287 864 4347 emendandam
885 4288 966 4346 hane
984 4290 1078 4347 vitam
1100 4307 1254 4367 perpauca
1272 4288 1324 4347 vcl

192 4388 373 4449 Desiderius
393 4390 570 4450 Erasmus
600 4392 631 4449 in
653 4389 825 4450 Basileensi
846 4387 1044 4448 Frobcniana
1070 4389 1144 4448 anni
1164 4394 1246 4461 15³2,
1271 4389 1323 4448 vel
