2964 5002
658 386 761 428 csrvr
777 385 814 427 111
1239 368 1299 431 473

168 542 332 603 Varronem
347 548 470 601 secutus
489 547 536 600 est
554 547 587 598 ut
605 539 669 598 iure
685 557 754 598 eum
770 538 938 598 Varronem
955 536 1110 598 rettulisse
1126 536 1225 611 dicas,
1245 538 1300 599 sed

167 653 265 705 umen
281 642 404 703 nonita
417 651 452 701 nt
463 642 527 702 sius
542 641 695 702 breviator
713 649 829 700 tantum
843 638 933 700 modo
948 643 1088 701 evaserit
1112 643 1300 703 contraxisse

167 744 286 826 quidem
303 754 334 805 et
349 746 382 804 in
397 744 519 804 brevius
534 745 674 823 coegisse
690 742 790 803 studia
801 743 973 823 antiquaria
982 742 1195 824 Tranquillum
1210 744 1299 805 intel·

166 848 248 927 leges
264 849 292 909 si
307 849 497 927 reputaveris
513 846 680 906 Varronem
695 844 734 905 de
749 845 815 905 iure
830 844 913 905 civili
927 844 1101 925 quindecim
1112 844 1152 907 de
1167 848 1231 907 vita
1245 868 1298 928 po·

166 950 226 1031 puli
236 951 370 1011 Romani
384 957 527 1031 quattuor
536 948 628 1009 libros
640 947 812 1027 scripsisse,
826 947 1006 1008 Suetonium
1016 931 1121 1008 cenna
1134 947 1174 1011 de
1186 949 1299 1010 eisdem

167 1051 254 1113 rebus
284 1050 403 1113 duobus
429 1051 514 1111 libris
539 1051 649 1128 egisse.
690 1048 745 1110 sed
768 1050 919 1129 peculiari
942 1060 1044 1111 umen
1070 1051 1197 1112 consilio
1221 1052 1299 1114 baec

165 1154 265 1215 studia
271 1156 416 1215 tractavit
427 1154 540 1235 quippe
555 1172 634 1234 quae
648 1151 688 1211 ad
698 1172 819 1214 suorum
832 1161 1000 1234 temporum
1009 1154 1155 1214 rationem
1171 1166 1203 1216 et
1212 1176 1300 1216 usum

166 1255 416 1318 accommodaret.
451 1257 495 1316 sic
511 1255 621 1316 librum
637 1254 675 1314 de
692 1255 881 1316 institutione
899 1256 1067 1316 officiorum
1084 1266 1115 1316 et
1129 1277 1184 1317 suo
1205 1259 1299 1336 ipsius

166 1359 264 1420 officio
277 1367 310 1419 et
319 1357 471 1418 Hadriani
480 1357 717 1419 institutionibus
728 1356 878 1418 adductus
894 1359 1081 1437 conscripsit.
1096 1378 1177 1419 nova
1187 1359 1298 1421 deinde

165 1462 280 1521 ratione
293 1461 385 1521 etiam
395 1459 535 1520 ludorum
542 1461 747 1520 Romanorum
760 1460 916 1521 historiam
932 1462 1106 1540 conposuit:
1116 1482 1188 1522 nam
1200 1482 1299 1523 cuma

165 1563 303 1624 Varrone
327 1563 540 1643 antiquitatum
561 1561 732 1622 divinarum
754 1562 831 1623 libro
854 1583 931 1622 nono
955 1561 993 1624 de
1013 1563 1197 1625 circensibus
1218 1564 1298 1626 ludis

166 1663 282 1727 decimo
302 1663 342 1725 de
356 1666 506 1725 scaenicis
526 1663 711 1743 disputatum
736 1675 834 1738 esset,
859 1666 925 1744 ipse
946 1674 1069 1743 praeter
1084 1665 1298 1745 gladiatorium

165 1788 270 1829 munus
285 1766 317 1827 id
333 1777 379 1827 est
395 1767 483 1827 ludos
498 1767 766 1846 amphitheatrales
782 1787 896 1846 agones
914 1777 985 1848 post
1000 1768 1168 1829 Varronem
1184 1778 1215 1828 et
1228 1770 1297 1837 Sin·

164 1871 243 1931 nium
260 1868 440 1948 Capitonem
457 1891 475 1930 a
489 1869 633 1930 Romanis
653 1879 793 1949 receptos
809 1867 937 1929 addidit.
1299 1858 1303 1867 ’

247 1970 312 2032 Sed
324 1992 384 2031 nou
399 1970 496 2031 solum
511 1971 674 2052 antiquarii
696 1980 727 2030 ct
741 1971 877 2032 historici
896 1981 999 2052 partes
1020 1973 1162 2032 sustinuit
1183 1972 1239 2033 sed
1259 1974 1298 2033 si-

164 2075 223 2135 mul
243 2074 375 2156 physica
394 2071 495 2133 studia
516 2094 535 2132 a
552 2074 699 2132 Romanis
722 2072 888 2134 Caesarum
913 2084 1014 2135 aetate
1037 2095 1150 2135 summo
1177 2076 1299 2136 fervore

164 2186 294 2239 tractata
309 2175 411 2237 coluit.
438 2195 518 2257 quae
533 2174 683 2234 Hadriani
696 2185 831 2254 ternpore
841 2195 902 2235 non
917 2178 1053 2236 extincta
1061 2177 1150 2237 immo
1167 2179 1299 2239 fortasse

164 2281 258 2361 ipsius
274 2277 417 2338 Caesaris
430 2276 568 2357 exemplo
584 2286 675 2337 aucta
689 2296 756 2337 esse
769 2277 923 2357 Spartiani
940 2279 970 2336 in
980 2276 1139 2337 Hadriano
1157 2289 1189 2343 13
1204 2280 1300 2340 verba

165 2381 300 2443 indicare
315 2379 472 2441 videntur:
497 2392 562 2456 post
574 2385 603 2439 ιἰι
622 2381 741 2438 Siciliam
756 2383 909 2454 comparsit,
927 2384 956 2437 ιἰι
977 2385 1162 2453 quarternum
1183 2393 1299 2441 montem

165 2486 333 2556 succendit,
348 2493 378 2542 stt
391 2486 559 2541 tolbertum
574 2485 679 2542 uideret
692 2498 777 2541 arctes
790 2486 882 2557 specie
895 2489 925 2539 at
938 2484 1037 2539 dicitur
1053 2485 1171 2541 uaritm.
1202 2493 1234 2543 et
1250 2494 1297 2547 rt:

166 2590 211 2645 seri
223 2592 253 2645 ιἰι
264 2586 533 2645 mercenariorum
549 2587 659 2644 uidendi
671 2588 735 2642 solis
744 2593 823 2642 ortus
834 2589 927 2660 qratia
936 2590 1016 2642 nocte
1026 2586 1200 2655 ascenderet,
1214 2588 1299 2645 imbre

165 2698 220 2748 erto
237 2708 265 2749 e.
286 2709 317 2768 q.
336 2708 359 2747 s.
389 2685 443 2746 sed
458 2695 492 2747 ut
507 2687 537 2744 in
557 2687 615 2747 hac
629 2706 663 2747 re
685 2706 745 2745 non
762 2685 880 2746 alienus
902 2686 997 2745 subse
1015 2685 1178 2748 Suetonius
1195 2686 1296 2767 prodi-

150 2798 209 2869 tur
224 2789 264 2850 ab
280 2788 453 2869 aequalium
467 2788 589 2861 studiis,
610 2790 653 2849 ita
668 2788 887 2867 aspernabatur
909 2786 991 2848 aliud
1013 2791 1122 2849 aetatis
1141 2808 1216 2850 snae
1236 2798 1297 2851 stu·

167 2891 245 2953 diurn
263 2888 401 2953 eiusdem
427 2891 616 2970 imperatoris
635 2890 785 2950 Hadriani
806 2893 857 2971 qui
879 2891 1043 2972 Spartianc
1065 2900 1144 2951 teste
1165 2892 1299 2953 Ennium

166 2994 300 3074 Vergilio
316 2992 459 3054 Ciceroni
479 2992 625 3052 Catonem
639 2991 778 3053 Caelium
794 2993 940 3054 Sallustio
954 2993 1100 3072 praetulit
1119 2995 1298 3056 auctoritate

166 3098 363 3169 concitatum,
380 3116 438 3176 quo
453 3104 488 3155 ut
502 3104 622 3155 veteres
633 3096 742 3155 formas
755 3116 795 3156 ex
807 3097 996 3176 antiquorum
1012 3096 1133 3174 scriptis
1150 3106 1252 3157 erutas
1267 3099 1298 3158 in

165 3218 249 3259 mum
271 3218 458 3257 communem
479 3208 662 3258 revocarent
682 3197 866 3258 nitebantur.
897 3196 945 3257 his
966 3198 1045 3257 enirn
1068 3218 1101 3258 se
1119 3201 1299 3279 opposuisse

166 3299 375 3382 Tranquillum
388 3319 480 3379 supra
493 3320 560 3359 cum
574 3302 641 3380 ipso
657 3302 722 3360 eius
738 3299 890 3361 scribendi
905 3319 1019 3378 genere
1043 3309 1074 3359 ct
1088 3300 1234 3380 adpositis
1254 3304 1299 3384 ip-

140 3450 145 3459 .
166 3405 224 3465 sius
234 3403 414 3464 testimoniis
430 3413 493 3462 tum
508 3402 645 3475 consilio,
657 3401 737 3481 quod
752 3404 784 3462 in
800 3402 885 3462 libris
898 3411 929 3463 et
944 3403 1075 3462 virorum
1088 3403 1257 3465 inlustrium
1264 3404 1299 3483 *7

166 3514 195 3566 ct
207 3514 360 3587 pratorum
376 3504 547 3584 dispicitur,
565 3504 769 3584 probavimus.

246 3608 336 3688 Quae
349 3627 416 3666 cum
433 3608 476 3666 ita
491 3627 525 3666 se
536 3606 699 3680 haberent,
716 3607 781 3666 lieri
796 3627 857 3666 non
869 3615 988 3685 poterat
999 3607 1071 3686 quin
1084 3606 1236 3668 Hadriani
1248 3630 1298 3669 ae·

165 3718 225 3771 tate
237 3722 269 3771 et
281 3729 410 3791 eaquae
422 3710 559 3787 proxime
571 3719 677 3769 secuta
690 3719 745 3784 est,
755 3718 788 3768 ut
800 3728 861 3790 qua
871 3709 1073 3789 antiquarium
1085 3709 1165 3790 quod
1178 3713 1299 3790 proprie

166 3814 207 3873 sic
225 3822 352 3873 vocatur
366 3810 497 3884 studium
515 3811 565 3870 vel
581 3813 712 3871 maxime
733 3813 866 3888 vigeret,
886 3808 1140 3871 Suetouianorum
1154 3812 1299 3874 librorum

165 3948 363 3959 ..ῃ-...ι-

226 4012 255 4079 *)
267 4015 374 4066 Eadem
388 4018 480 4065 aetate
494 4014 576 4064 etiarn
589 4014 742 4075 luvenalis,
756 4030 816 4065 curn
829 4029 882 4078 quo
894 4013 1051 4064 Suetonium
1063 4016 1091 4064 in
1105 4016 1299 4067 constituendis

165 4098 314 4152 litterarum
327 4098 473 4165 generibus
486 4100 640 4154 consentire
653 4098 784 4159 vidimus,
803 4099 964 4149 Ciceronem
981 4114 1030 4164 pro
1046 4099 1170 4164 exemplu
1182 4100 1299 4165 perfecti

166 4184 279 4236 oratoris
291 4184 391 4246 habet,
404 4183 490 4234 veluti
502 4189 552 4233 sat.
567 4184 620 4232 Vll
634 4182 681 4233 139
694 4184 718 4231 X
732 4182 788 4232 lle.
814 4184 878 4232 item
892 4183 952 4233 eius
964 4183 1103 4233 scribendi
1119 4199 1205 4249 geurrs
1217 4183 1298 4249 longe

166 4268 198 4319 ab
211 4269 426 4334 antiquariorum
439 4268 625 4319 adfectatione
640 4267 727 4317 abest.
752 4283 803 4317 nec
816 4268 903 4333 ipsum
920 4268 1078 4318 Terentium
1091 4268 1235 4330 Scaurum,
1254 4271 1299 4335 qui

165 4350 297 4404 Hadriani
310 4352 442 4418 magister
454 4353 519 4415 fuit,
538 4352 666 4403 cumillis
679 4352 779 4401 scrisse
792 4351 963 4417 intellegitur
981 4367 1013 4402 ex
1032 4352 1168 4417 excerptis
1185 4351 1247 4402 libri
1264 4352 1298 4403 sle

165 4437 372 4505 orthographia,
387 4437 415 4486 in
427 4437 523 4503 quibus
535 4437 603 4489 nibil
617 4441 749 4504 conparet
761 4436 833 4501 quod
846 4452 862 4487 a
874 4443 941 4488 nota
952 4435 1093 4487 latinitate
1106 4435 1226 4486 recedat.
