2964 5002
555 355 597 399 or.
620 356 707 398 anuo
731 355 933 398 nonaxoevu
1258 339 1312 399 15¹

175 511 232 568 tem
245 502 400 568 horarum
421 500 509 569 XII.
529 512 639 590 partes
656 502 794 567 abusiue
814 502 879 566 diei
897 510 964 566 tres
989 510 1080 567 sunt:
1102 520 1199 567 usne
1217 521 1318 568 uum·

175 620 246 668 utus
260 614 292 669 et
308 621 490 669 surum.
512 605 607 670 initia
622 604 688 669 diei
707 604 765 669 alii
780 627 800 668 a
815 603 893 670 solis
909 614 982 669 ortu
999 614 1116 689 putant
1128 605 1185 669 alii
1207 603 1248 669 ab
1264 628 1316 670 oc·

172 795 211 844 uel
228 793 368 843 artificem
387 794 532 859 signifieat
548 809 600 842 nee
618 794 691 843 unde
709 793 873 843 translatum
892 794 928 843 sit
946 800 993 843 aut
1007 794 1079 858 apud
1093 809 1172 859 quem
1184 795 1315 859 scriptum

171 863 195 912 id
210 862 361 911 inuenerit.
398 864 438 912 Μ.
455 863 546 911 Varro
563 876 678 926 primum
700 866 834 911 statutum
857 863 886 910 iu
907 861 1019 926 publico
1042 862 1192 911 secundum
1215 858 1316 912 Rost'ra

172 932 196 978 iu
212 929 345 979 columna
368 929 457 978 tradit
479 929 553 980 bello
576 930 682 979 Punico
705 929 793 994 primo
817 945 834 977 a
856 930 903 979 Μ’.
922 929 1034 980 l'olerio
1057 930 1180 979 Messala
1202 931 1315 980 consule

171 997 266 1046 Catina
279 1004 368 1062 capta
385 999 414 1046 in
425 996 538 1055 Sicilia,
556 997 730 1062 deportatum
749 996 811 1045 iude
832 1003 892 1061 post
911 997 986 1046 XXX
1006 1013 1092 1047 annos
1112 1013 1192 1062 quam
1210 997 1243 1046 dc
1261 999 1315 1048 Pa·

170 1064 272 1128 piriano
290 1064 440 1129 horologio
458 1064 585 1121 traditur,
604 1080 676 1114 auno
693 1065 770 1113 urbis
782 1064 1026 1114 CCCCLXXXXI.
1056 1081 1107 1114 nee
1125 1067 1315 1129 congruebant

170 1132 200 1180 ad
216 1131 302 1181 boras
322 1133 385 1182 eius
403 1131 507 1193 lineae,
526 1137 675 1197 paruerunt
692 1138 785 1181 tamen
804 1133 845 1182 eis
864 1133 943 1181 annis
961 1132 1153 1194 undecentum,
1174 1133 1261 1183 donec
1280 1134 1312 1195 Q.

170 1199 287 1248 llarcius
306 1199 455 1279 Philippus
474 1201 599 1264 quicum
618 1198 756 1249 L.Paulo
776 1200 828 1248 luit
852 1216 949 1249 censor
972 1200 1134 1263 diligentius
1159 1200 1314 1250 ordinatum

136 1264 140 1273 '
169 1267 241 1315 iuxta
258 1268 365 1331 posuit,
384 1267 465 1332 idque
484 1282 580 1316 munus
598 1268 671 1316 inter
689 1268 816 1317 censoria
834 1284 918 1332 opera
931 1268 1086 1331 gratissime
1101 1275 1245 1332 acceptum
1263 1273 1313 1317 est.

168 1335 318 1383 etiamnum
331 1341 426 1384 umen
438 1334 532 1384 nubilo
545 1335 670 1385 incertae
684 1336 760 1384 fuere
773 1334 856 1385 horae
870 1351 955 1400 usque
969 1335 1003 1383 ad
1018 1350 1177 1400 proxumum
1190 1335 1312 1385 lustrum.

168 1410 229 1452 tunc
253 1403 353 1467 Scipio
375 1402 480 1452 Nasica
502 1403 610 1467 collega
632 1404 754 1452 Laenati
781 1399 883 1467 phnus
907 1418 979 1467 aqua
1004 1402 1099 1451 diuisit
1121 1402 1203 1453 boras
1227 1418 1313 1466 neque

168 1471 289 1521 noctium
321 1485 355 1519 ac
385 1469 505 1531 dierum,
521 1470 618 1535 ⁸idque
645 1470 815 1535 horologium
838 1470 887 1520 sub
911 1476 985 1519 tecto
1009 1470 1116 1518 dicauit
1143 1485 1215 1519 anno
1238 1470 1314 1519 urbis

168 1537 275 1587 DXCV.
286 1537 396 1586 tamdiu
405 1538 507 1602 populo
517 1537 797 1588 Romanoindiscreta
808 1538 856 1587 lux
869 1536 939 1587 suit)
948 1565 979 1573 —
987 1538 1073 1587 Varro
1086 1539 1118 1586 L.
1126 1538 1158 1585 L.
1168 1537 1204 1585 l'l
1218 1538 1313 1601 lsqq.:

169 1604 312 1654 ‘Meridies
336 1605 372 1654 ab
396 1620 429 1655 eo
453 1605 524 1669 quod
547 1606 651 1655 medius
670 1607 742 1663 ‹lies3
772 1607 796 1654 D
817 1606 924 1669 antiqui
943 1622 997 1655 non
1016 1606 1038 1653 R
1056 1605 1084 1653 in
1102 1605 1154 1654 hoc
1172 1605 1312 1659 dicebant,

170 1682 194 1720 ut
216 1673 374 1722 Praeneste
396 1673 515 1722 incisum
537 1675 565 1722 in
588 1674 690 1723 solario
712 1673 770 1722 nidi
856 1673 913 1723 diei
934 1673 1099 1739 principium
1122 1687 1216 1732 mane,
1242 1672 1313 1736 quod

169 1749 222 1789 tum
246 1746 344 1790 manat
368 1740 428 1790 dics
453 1741 488 1791 ab
510 1742 631 1802 oriente,
661 1741 715 1790 uisi
738 1742 829 1805 potius
849 1741 920 1806 quod
937 1743 1038 1791 bouum
1057 1740 1165 1805 antiqui
1182 1740 1314 1790 dicebant

169 1824 292 1865 nanum,
317 1807 353 1857 arl
376 1808 547 1872 quoiusmodi
571 1809 733 1871 religionem
757 1808 857 1857 Graeci
882 1824 988 1873 quoque
1008 1824 1087 1873 quom
1110 1809 1202 1857 lumen
1221 1807 1312 1857 adfer-

169 1886 210 1925 tur
236 1876 331 1926 solent
354 1875 448 1926 dicere
471 1874 532 1940 φώς
559 1865 683 1940 dyc-stov.
725 1891 853 1940 suprema
876 1891 1007 1925 summum
1031 1876 1100 1936 diei,
1129 1877 1157 1924 id
1180 1891 1197 1924 a
1219 1891 1312 1941 super-

170 1945 243 1993 rimo.
281 1943 334 1994 hoc
352 1949 460 2008 tempus
478 1944 532 1992 ΧΠ
549 1943 661 1993 tabulae
684 1944 779 1992 dicunt
802 1960 930 1993 occasum
955 1959 1014 1993 esse
1039 1943 1118 2004 solis;
1142 1943 1191 1992 serl
1215 1948 1312 2007 postea
1354 1956 1357 1961 ’

170 2011 211 2061 lex
229 2011 374 2061 Plaetoria
393 2011 422 2060 id
441 2026 546 2075 quoque
565 2017 671 2076 tempus
690 2011 767 2060 iubet
785 2027 845 2060 esse
858 2027 1012 2076 supremum
1031 2026 1083 2075 qno
1100 2027 1200 2075 praeco
1220 2012 1247 2060 in
1267 2028 1312 2060 co·

169 2080 245 2129 mitio
262 2095 420 2144 supremam
438 2080 627 2143 pronuntiauit
643 2078 753 2144 populo.
783 2079 931 2128 secundum
944 2079 996 2128 hoc
1009 2079 1110 2127 (licitur
1122 2078 1312 2143 crepusculum

171 2163 185 2195 a
202 2162 326 2212 crepero.
363 2146 392 2195 id
409 2145 574 2196 uocabulum
592 2153 767 2212 sumpserunt
786 2163 802 2195 a
820 2146 941 2209 Sabinis,
961 2146 1032 2195 undo
1046 2147 1160 2196 ueniunt
1178 2146 1312 2211 Crepusci

170 2215 304 2264 nominati
320 2213 470 2273 Amiterno,
491 2215 537 2279 qui
556 2231 588 2264 eo
608 2220 728 2279 tempore
748 2221 828 2264 erant
845 2216 913 2278 nati,
932 2221 962 2264 ut
973 2214 1055 2263 Lucii
1073 2215 1162 2279 prima
1179 2214 1251 2263 lucc.
1283 2215 1312 2263 iu

169 2281 287 2332 Reatino
307 2282 499 2347 crepusculum
517 2281 658 2346 siguificat
676 2282 800 2342 dubiam3
820 2283 854 2333 ab
873 2300 906 2333 eo
924 2299 969 2333 res
987 2281 1087 2332 dubiae
1105 2281 1197 2331 dictae
1217 2298 1311 2346 crepe-

170 2365 224 2408 rae,
244 2351 315 2413 quod
333 2349 524 2414 crepusculum
543 2349 602 2399 dies
622 2351 705 2400 otiam
723 2365 795 2399 nuuc
814 2351 850 2399 sit
869 2366 904 2400 an
923 2351 978 2399 iam
997 2366 1059 2411 nox,
1079 2350 1172 2398 multis
1191 2348 1310 2399 (labium.

169 2416 226 2466 Nox
245 2417 325 2481 quotl,
345 2422 376 2465 ut
394 2416 509 2466 Catulus
525 2419 581 2475 ait,
602 2418 693 2466 omnia
707 2418 761 2466 nisi
775 2419 943 2467 interueniat
960 2418 1001 2468 sol
1019 2418 1118 2482 pruina
1131 2417 1311 2480 obriguerint,

170 2484 240 2548 quod
259 2492 342 2534 nocet
360 2501 429 2544 nox,
453 2485 507 2533 nisi
525 2485 596 2602 (puori
615 2486 722 2536 Graece
742 2476 793 2545 νύξ
812 2502 874 2534 nox.
911 2502 990 2551 quom
1008 2485 1090 2534 stella
1109 2485 1197 2548 prima
1216 2491 1312 2532 exorta

170 2578 200 2588 -
212 2568 273 2600 enm
293 2552 395 2601 Graeci
414 2560 516 2601 uocant
549 2567 667 2616 σπερον,
688 2553 773 2601 nostri
792 2555 1002 2618 uespernginem
1020 2559 1049 2600 ut
1068 2552 1196 2601 l'laatns:
1216 2551 1311 2615 Neque

169 2633 321 2684 uesperugo
336 2635 426 2684 neque
442 2621 579 2681 uergiliae
594 2620 762 2670 occidunt—
776 2620 803 2671 id
815 2628 921 2686 tempus
932 2622 1033 2669 dictam
1045 2619 1184 2667 allraeeis
1197 2610 1310 2679 ἑσπέρα,

169 2686 268 2735 Latine
287 2703 400 2751 uesper:
421 2693 451 2735 ut
469 2694 532 2737 ante
552 2689 637 2737 solem
656 2694 756 2748 ortum,
782 2689 852 2752 «quod
872 2689 969 2737 eadem
988 2688 1069 2736 stella
1088 2692 1203 2735 riocatar
1222 2687 1310 2746 iabin,

169 2755 239 2818 qnod
261 2756 365 2804 iubata.
397 2755 573 2804 Pacuuianus
592 2756 661 2804 dicit
683 2763 790 2819 praetor:
820 2757 922 2806 Exorto
946 2755 1056 2809 iubare,
1082 2755 1171 2803 nectis
1195 2753 1311 2803 decurso

168 2822 282 2881 itincre;
312 2823 456 2872 Ennianus
479 2823 561 2872 Aiax:
593 2823 672 2884 Quod
696 2823 799 2884 lamen,
825 2825 940 2872 iubarne
965 2824 992 2871 in
1016 2822 1095 2871 caelo
1114 2828 1214 2871 cerno?
1238 2821 1310 2869 inter

168 2892 380 2955 uesperuginem
403 2896 432 2938 et
450 2891 529 2939 iubar
546 2891 623 2939 dicta
641 2907 694 2940 uox
713 2893 894 2956 intempesta,
919 2897 947 2938 nt
971 2893 999 2938 in
1018 2891 1102 2938 lirnto
1122 2890 1212 2939 Crassii
1239 2889 1310 2952 «pirarii

167 2957 280 3007 dicebat
303 2959 448 3007 ereretia:
479 2959 566 3008 Nocte
589 2960 756 3023 intempesta
784 2965 904 3008 nostram
929 2959 1043 3006 deuenit
1061 2958 1177 3006 donnini.
1214 2958 1310 3005 intern-

168 3034 276 3089 pestam
293 3026 388 3074 Aelius
407 3025 519 3075 dicebat
538 3042 616 3089 quom
635 3032 742 3091 tempus
761 3026 862 3088 agendi
881 3032 923 3075 est
941 3025 1059 3080 nullum,
1084 3025 1155 3088 qnod
1179 3025 1227 3074 alii
1247 3041 1309 3073 cou-

168 3093 278 3142 cubium
297 3093 482 3158 appellarunt,
501 3093 572 3158 quod
591 3110 684 3143 omues
706 3095 763 3143 sere
788 3099 853 3143 tunc
877 3094 1024 3152 enbarcnt,
1050 3093 1098 3141 alii
1123 3094 1158 3141 ab
1184 3110 1216 3142 eo
1240 3092 1311 3155 quod

167 3161 308 3221 sileretur,
338 3161 479 3211 silentium
507 3163 610 3221 noctis,
644 3162 714 3225 quod
743 3161 813 3210 idem
841 3161 955 3210 Plautus
983 3167 1090 3224 tenipus
1117 3161 1312 3220 conticinium

167 3228 264 3277 scribit
283 3229 368 3278 enim:
406 3228 577 3277 Videbimus:
607 3229 710 3278 factum
729 3230 805 3278 uolo:
830 3229 919 3279 redito
938 3226 1107 3277 conticinio.'
1144 3229 1312 3277 Censorinus

166 3294 212 3344 24:
250 3296 334 3344 ‘Sunt
361 3296 445 3344 etiam
472 3296 551 3361 plura
578 3297 666 3345 noctis
695 3304 722 3347 et
749 3297 805 3345 ilici
833 3304 957 3361 tempora
985 3296 1049 3345 aliis
1076 3297 1226 3345 salmatata
1251 3314 1311 3360 pro·

164 3365 289 3427 piilsque
309 3363 431 3413 discreta
449 3365 618 3421 nominibus,
643 3380 712 3428 quae
738 3364 808 3429 apud
832 3371 941 3413 ueteres
964 3369 1060 3427 poetas
1084 3366 1187 3428 passim
1206 3365 1311 3429 scripta

168 3431 353 3480 inueniuntur.
391 3445 425 3479 ea
443 3434 534 3480 omnia
553 3432 649 3481 ordine
668 3448 717 3481 sno
736 3449 878 3496 exponam.
916 3433 1048 3495 incipiam
1073 3448 1089 3480 a
1109 3440 1189 3481 nocte
1209 3433 1309 3488 inedia,

168 3499 238 3560 quoti
262 3506 368 3562 tempus
392 3499 555 3562 principium
580 3506 607 3548 et
626 3506 790 3563 postremum
815 3506 858 3549 est
878 3500 933 3548 clici
953 3501 1077 3549 Romani.
1115 3506 1221 3563 ternpus
1240 3502 1311 3563 quod

167 3566 229 3615 huic
249 3567 400 3630 proximum
419 3573 460 3614 cst
479 3572 594 3615 irocatur
618 3568 651 3616 ‹lc
672 3568 763 3615 morlia
782 3572 877 3616 noete:
903 3568 1024 3627 seqnitur
1043 3567 1228 3629 gallicinium,
1249 3584 1311 3616 curn

167 3634 234 3697 galli
254 3650 353 3682 canere
374 3633 523 3697 incipiunt,
542 3634 607 3682 dein
626 3636 820 3693 conticinium,
845 3651 907 3683 curn
926 3636 1130 3695 conticuerunt,
1156 3641 1221 3683 tunc
1246 3641 1310 3684 riute

167 3701 270 3754 lucem.
296 3701 383 3750 etsie
402 3700 563 3763 diluculum,
588 3718 648 3750 cum
672 3702 729 3750 sole
750 3702 867 3751 nondum
889 3709 949 3750 orto
968 3703 1022 3750 iam
1042 3702 1125 3750 lucet.
1161 3702 1309 3751 secundani

167 3768 315 3817 diluculum
336 3774 451 3817 uocatur
470 3784 559 3828 mane,
580 3784 640 3818 cum
660 3770 705 3819 lux
724 3770 832 3819 uidetur
851 3770 930 3828 solis;
949 3777 1010 3834 post
1029 3770 1079 3818 lroc
1100 3770 1134 3817 arl
1153 3771 1309 3830 rneritliem3

167 3844 231 3885 tunc
245 3835 383 3893 meridies,
399 3835 469 3899 quod
482 3841 524 3885 est
536 3837 620 3885 rncrlii
632 3837 688 3886 diei
701 3854 813 3897 nomen3
828 3837 891 3886 inde
905 3837 938 3885 dc
953 3837 1080 3895 nrcrirlie3
1096 3837 1159 3886 binc
1174 3853 1310 3901 suprema.

167 3905 292 3966 quamuis
311 3903 420 3967 plurimi
439 3919 593 3968 supremam
613 3912 674 3969 post
688 3921 817 3954 occasum
836 3905 904 3955 solis
922 3920 983 3954 esse
998 3905 1164 3964 existimant,
1185 3906 1250 3967 qaia
1269 3910 1311 3953 est

167 3971 195 4019 iu
214 3972 266 4020 ΧΠ
287 3970 391 4020 tabulis
409 3972 540 4035 seriptum
560 3974 614 4021 sic:
634 3973 706 4022 Solis
725 3989 841 4022 occasus
860 3988 987 4037 suprema
1003 3977 1154 4035 tempestas
1168 3980 1236 4020 esto.
1261 3972 1309 4020 scd

167 4046 264 4102 postea
283 4040 320 4087 ll.
340 4037 497 4088 Plaetorius
515 4041 641 4089 tribunus
661 4041 749 4105 plebis
768 4042 868 4090 scitum
887 4040 964 4101 tulit,
984 4041 1012 4088 in
1031 4055 1083 4103 quo
1101 4040 1233 4103 scriptam
1253 4045 1309 4087 est:

255 4195 443 4253 terarumA
465 4185 478 4272 Η
500 4191 646 4252 abusiaae
672 4193 750 4250 ABG
777 4189 895 4247 ebusini
916 4195 1057 4249 Areralus
1077 4185 1089 4269 Η
1112 4185 1187 4265 diei]
1210 4189 1309 4264 spatia

168 4277 228 4335 dici
245 4279 274 4334 B
288 4271 302 4357 Η
318 4276 445 4335 meridie
464 4273 530 4336 B¹G
546 4273 559 4357 ΙΙ
575 4287 591 4337 *l
607 4277 807 4356 suppremaA
824 4268 952 4352 sup’pma
973 4279 1006 4334 ll!
1020 4293 1159 4351 supreme
1181 4268 1218 4329 B¹
1230 4291 1307 4349 snp-

168 4361 271 4439 prema
287 4359 330 4419 13²
345 4356 359 4442 ΙΙ
374 4361 465 4420 inicia
482 4366 506 4420 A
524 4364 561 4435 (et
576 4368 617 4422 sic
631 4364 755 4436 semper)
774 4358 890 4417 initiam
905 4362 932 4419 B
946 4354 961 4440 l}
975 4381 994 4419 a
1006 4378 1059 4418 om.
1082 4361 1105 4416 G
