2964 5002
577 378 620 421 nn
640 379 781 424 usrvnrs
804 379 915 424 annau
1254 367 1316 433 255

184 535 240 591 rat:
259 524 390 591 iacebat
414 524 620 592 inhumatum
642 529 802 610 cadauer,
830 528 986 614 frequens
1009 533 1224 616 spectantium
1247 527 1318 593 uul-

182 650 233 712 gus
247 627 418 710 adstabat,
440 629 533 691 canis
551 639 668 714 questu
684 628 879 693 lacrimabili
895 629 1019 693 domini
1034 628 1176 693 deflebat
1191 652 1317 693 aerum-

183 750 258 793 nam.
302 728 391 792 sorte
413 730 443 793 is
466 729 522 817 qui
544 750 658 793 necem
680 729 844 835 intulerat,
867 739 904 792 ut
925 750 961 793 se
980 729 1080 794 habet
1100 731 1246 794 uersutia
1260 730 1317 793 lru-

181 831 257 893 mani
280 830 421 914 ingenii,
444 850 508 915 quo
529 828 686 893 uersandi
705 830 739 893 in
760 831 868 894 medio
892 831 1088 895 auctoritate
1109 842 1318 916 praesumpta

166 929 268 994 sudem
288 931 493 994 adscisceret
517 931 740 1010 innocentiae,
768 930 811 993 ad
831 930 921 994 illam
938 932 1239 1017 circumspectantis
1260 952 1316 1017 po·

179 1029 239 1116 puli
258 1031 404 1095 accessit
431 1052 586 1095 coronam
615 1040 648 1095 et
680 1030 774 1095 uelut
794 1033 954 1094 miserans
978 1032 1253 1118 appropinquauit
1274 1030 1317 1095 ad

179 1240 233 1277 aem
246 1227 370 1279 accessit
385 1224 390 1292 Ι
405 1226 481 1276 luctu
494 1226 596 1277 doloris
611 1225 616 1291 Ι
632 1242 743 1277 carmen
755 1227 963 1277 immurmurans
979 1226 983 1290 Ι
999 1227 1189 1293 probationem
1201 1225 1315 1291 detulit!

179 1294 296 1355 demisit,
313 1294 480 1359 praesertim
494 1310 554 1344 cum
571 1309 624 1344 nec
636 1294 691 1343 odii
704 1310 793 1358 neque
810 1295 933 1344 inuidiae
948 1299 995 1343 ant
1007 1295 1125 1344 iniuriae
1139 1294 1257 1344 alieuius
1270 1310 1316 1359 po·

177 1368 242 1411 terat
258 1360 421 1412 obiectione
433 1362 536 1411 crimen
552 1361 659 1411 illatum
672 1365 812 1411 erracuari.
831 1363 865 1411 cb
879 1367 985 1411 tautam
998 1363 1082 1427 igitur
1095 1368 1151 1410 tarn
1170 1361 1316 1410 uehemen-

178 1434 226 1479 tem
237 1428 384 1479 homicidii
396 1430 656 1495 praesumptionem,
669 1429 756 1478 milite
771 1434 930 1478 constanter
941 1430 1097 1490 inficiante,
1111 1429 1262 1478 iudicatum
1275 1436 1317 1478 cst

178 1494 262 1545 duello
284 1498 328 1547 rei
352 1496 544 1547 certitudinem
568 1497 696 1562 experiri.
733 1498 763 1545 in
786 1512 883 1561 campo
907 1497 1000 1561 itaque
1021 1497 1176 1545 constitutis
1195 1502 1222 1545 et
1240 1495 1316 1561 uulgi

178 1563 369 1613 circumstante
389 1579 491 1614 corona
508 1563 574 1613 binc
597 1578 667 1613 cane
685 1563 814 1613 dentibus
833 1569 951 1625 armato,
980 1563 1056 1613 illinc
1082 1564 1182 1612 baculo
1200 1564 1316 1612 cubitali

178 1629 257 1680 milite
287 1631 413 1693 munito,
449 1630 561 1680 taudem
589 1646 658 1680 cane
687 1632 792 1680 uictore
821 1632 912 1679 uictus
944 1631 1083 1681 homicida
1114 1631 1260 1680 succubuit
1289 1637 1317 1680 et

177 1698 385 1763 ignominiosam
407 1698 518 1763 publico
539 1698 663 1764 patibulo
691 1713 809 1763 poenam
836 1698 919 1747 dedit.
943 1725 976 1733 —
999 1698 1095 1747 ultima
1123 1697 1203 1747 Culta
1229 1697 1276 1746 ille
1301 1713 1316 1747 e

177 1780 245 1814 aare
278 1765 373 1832 gentis
406 1772 434 1814 ct
466 1770 616 1831 temporum
644 1780 752 1815 suorum
778 1764 899 1814 adfinxit.
928 1791 961 1800 -
988 1767 1147 1816 Aurbrosius
1176 1765 1194 1814 l.
1225 1782 1249 1818 c.
1278 1765 1317 1814 Vl

176 1830 206 1883 ὶδ
227 1846 284 1897 sep:
322 1832 474 1883 ‘Exsortem
497 1832 615 1883 rationis
639 1847 737 1882 canem
761 1847 822 1882 esse
844 1848 924 1882 nemo
947 1833 1132 1894 dubitauerit3
1172 1838 1265 1881 tamen
1292 1833 1316 1881 si

170 1914 267 1949 ’semus
292 1900 354 1949 eius
376 1901 500 1964 uigorem
523 1900 693 1959 consideres,
717 1914 816 1949 censes
840 1916 901 1949 cum
924 1901 1061 1950 sentiendi
1085 1901 1243 1965 sagacitate
1262 1900 1317 1949 uim

176 1966 226 2017 sibi
246 1966 367 2017 rationis
394 1967 559 2017 adsciscere.
596 1967 714 2031 deniquo
743 1966 814 2031 quod
837 1967 920 2031 pauci
937 1967 967 2016 in
990 1970 1141 2032 gymnasiis
1164 1968 1317 2029 constituti,

177 2036 219 2098 qni
245 2040 336 2086 totam
359 2035 389 2083 in
413 2034 546 2084 discendo
572 2035 649 2084 uitae
678 2035 895 2100 longaeuitatcm
923 2037 1119 2097 conmiserint,
1148 2037 1193 2085 uix
1222 2040 1316 2100 potue-

177 2106 236 2151 runt
257 2116 445 2168 cognoscere,
467 2106 499 2151 nt
521 2101 741 2166 syllogismorum
760 2102 952 2152 eoniuntiones
976 2109 1169 2165 contexerent,
1193 2103 1246 2153 hoc
1268 2118 1316 2152 ua-

177 2169 257 2220 turali
280 2170 362 2219 cenis
385 2169 539 2219 eruditione
569 2169 655 2219 facilc
679 2172 781 2233 poterit
809 2171 961 2219 aestimari.
1001 2186 1065 2220 nam
1092 2172 1140 2219 ιιΙιὶ
1168 2171 1316 2233 uestigium

177 2235 276 2302 leporis
302 2237 418 2289 ceruina
447 2237 583 2300 repererit
611 2242 695 2301 atquc
725 2237 760 2285 ad
789 2236 984 2286 diuerticulum
1007 2239 1122 2288 semitae
1151 2239 1261 2287 uenerit
1288 2245 1317 2286 et

177 2303 308 2369 quoddam
326 2304 435 2354 uiarum
453 2305 617 2369 compitum,
647 2304 719 2368 quod
736 2311 831 2368 partes
849 2305 877 2352 iu
895 2304 1027 2368 plurimas
1045 2304 1190 2365 scinditur,
1219 2305 1317 2354 obiens

177 2370 344 2437 singularum
361 2372 521 2421 semitarum
546 2371 659 2420 exordis
675 2372 781 2420 tacitus
798 2386 890 2421 seeum
909 2373 968 2436 ipso
987 2377 1141 2436 pertractat
1168 2371 1244 2420 uelut
1262 2372 1316 2434 syl-

186 2440 333 2505 ogisticsm
355 2453 453 2489 uocem
476 2440 635 2503 sagacitate
659 2438 811 2503 colligendi
834 2440 926 2488 odoris
949 2442 1089 2488 emittens:
1127 2444 1176 2487 aut
1197 2439 1226 2486 in
1244 2438 1316 2487 banc

252 2522 293 2569 m,
316 2506 424 2572 iuquit,
448 2505 559 2555 deflexit
582 2513 631 2554 aut
653 2508 683 2555 in
705 2507 782 2554 illum
800 2510 849 2555 snt
871 2512 947 2555 certc
972 2507 999 2554 in
1021 2506 1091 2568 luruc
1111 2520 1140 2553 sc
1160 2507 1315 2567 anfractum

169 2574 305 2631 ¹contulit:
341 2573 392 2623 sed
414 2588 466 2623 uec
489 2574 570 2622 istam
594 2589 646 2622 uec
669 2573 745 2622 illam
768 2574 908 2637 ingressus
932 2581 974 2621 est
997 2575 1084 2623 itiam:
1120 2579 1246 2636 superest
1264 2573 1315 2635 igi-

176 2646 218 2690 rar
242 2649 273 2691 ut
302 2643 332 2690 in
350 2641 433 2690 istam
461 2655 490 2689 sc
520 2646 627 2704 partem
655 2641 715 2689 sine
738 2640 913 2701 dubitatione
941 2640 1097 2690 contulerit.
1138 2638 1208 2704 quod
1230 2638 1315 2686 bomi-

176 2723 222 2758 ues
243 2710 292 2759 uix
320 2708 430 2773 prolixa
457 2708 627 2772 compositae
655 2709 723 2757 artis
751 2708 931 2757 meditatione
955 2712 1133 2773 componunt,
1164 2707 1215 2754 hoc
1239 2707 1315 2754 caui·

177 2775 225 2825 bus
247 2792 282 2826 ex
305 2781 407 2825 natura
430 2777 566 2840 suppetit,
597 2781 629 2824 ut
653 2782 717 2824 aute
742 2777 913 2825 mendacium
936 2774 1145 2840 deprehendant
1168 2779 1197 2824 ct
1219 2780 1316 2838 postea

178 2842 301 2893 falsitate
324 2843 472 2907 repudiata
501 2843 646 2891 inueniant
672 2844 829 2892 ueritatem.
870 2857 959 2893 rrorrue
991 2850 1063 2891 totos
1086 2843 1147 2892 dics
1171 2844 1317 2891 conferunt

176 2910 330 3027 philosophi
343 2911 546 3027 winuticum
559 2910 612 2959 sibi
631 2911 659 2959 iu
678 2911 791 2975 puluere
810 2911 977 2972 diuidentcs,
996 2913 1042 2975 qui
1056 2912 1133 2960 radio
1146 2911 1201 2959 sibi
1214 2910 1316 2957 descri-

194 2984 242 3028 uut
259 2979 342 3043 singu
412 2984 439 3026 ct
464 2993 497 3026 ex
520 2977 609 3026 tribus
632 2993 693 3026 cum
716 2994 798 3027 siriam
824 2993 917 3026 carum
940 2994 1033 3027 turam
1057 2994 1118 3027 esse
1138 2977 1315 3036 accessesit,

177 3044 243 3095 duas
260 3046 350 3111 primo
374 3044 545 3094 interficiunt
567 3050 707 3109 tamquam
731 3046 877 3094 mendacio
900 3052 1097 3110 congruentes,
1125 3053 1153 3095 ct
1176 3047 1216 3094 sic
1235 3046 1264 3093 in
1283 3059 1317 3093 ea

178 3128 245 3176 quae
263 3113 366 3162 relicta
386 3117 429 3161 est
445 3114 501 3160 uim
519 3113 648 3161 ueritatis
668 3113 811 3162 inhaerere
830 3113 982 3161 ‹leduiuuti
1009 3116 1070 3177 quis
1093 3120 1149 3162 tam
1168 3121 1251 3162 tenax
1270 3128 1315 3176 po·

177 3186 230 3229 test
247 3195 310 3230 csse
328 3180 460 3230 beneficii
479 3185 507 3228 ct
525 3195 627 3228 mcumr
646 3183 773 3243 gratiae?
800 3180 1020 3243 qrrandoquidcnr
1039 3197 1087 3245 pro
1106 3182 1215 3231 domiuo
1233 3182 1316 3228 etiarn

177 3248 204 3296 in
222 3248 346 3297 latrones
364 3246 470 3296 insilire
489 3254 625 3297 nouerant
643 3254 672 3296 ct
690 3255 880 3296 extraneorum
899 3263 1028 3297 accessus
1046 3248 1190 3313 probibere
1210 3255 1316 3296 noctur·

178 3330 233 3375 nos,
253 3322 283 3365 et
301 3315 370 3363 mori
389 3329 437 3379 pro
455 3313 572 3362 dominis
591 3319 619 3362 et
637 3317 764 3364 commori
793 3331 853 3363 erim
877 3316 994 3364 ‹lorniuis
1018 3317 1074 3365 siut
1097 3317 1205 3381 parati?
1233 3330 1316 3380 saepe

177 3384 260 3432 etiam
279 3382 358 3432 necis
374 3381 478 3431 illatae
502 3382 643 3430 euidentia
669 3399 753 3431 canes
773 3384 807 3432 ad
831 3383 1036 3445 redarguendos
1054 3400 1116 3433 reos
1135 3383 1238 3432 iudicia
1256 3398 1316 3447 pro·

177 3448 318 3499 diderunt:
342 3454 374 3498 ut
397 3453 471 3497 muto
491 3464 582 3497 eorum
602 3451 760 3499 testimonio
784 3451 942 3515 plerumque
961 3452 998 3499 sit
1017 3451 1160 3501 creditum.
1196 3451 1317 3499 Aratio·

178 3516 277 3566 cbiae
296 3514 430 3566 ierunt'
450 3533 473 3564 c.
494 3532 519 3580 q.
539 3531 561 3565 s.
596 3517 720 3566 Basilius
738 3519 799 3567 lrex.
826 3518 903 3565 l'llll
923 3518 939 3565 d
959 3518 970 3566 1
989 3534 1014 3582 p.
1039 3519 1072 3566 st
1095 3536 1120 3567 c.
1145 3519 1169 3566 d.
1196 3535 1233 3567 e.:
1263 3511 1316 3567 Λό-

177 3598 226 3647 γον
242 3577 297 3650 μὲν
320 3574 440 3659 άμριρος
463 3574 578 3633 ὁκόσον
601 3578 834 3651 ἰσοδυναμοῦσαν
852 3578 884 3634 di
903 3573 976 3649 ὅμως
994 3583 1033 3650 τῷ
1050 3579 1122 3651 λόγῳ
1140 3579 1193 3651 ττΙν
1211 3583 1317 3650 αδσθρ·

177 3664 221 3700 σιν
243 3647 313 3716 ἔχει.
349 3667 368 3700 α
393 3644 447 3715 γάρ
470 3644 501 3699 οἷ
521 3644 594 3701 κατά
618 3648 726 3718 πολλὴν
744 3646 848 3718 σχολὴν
865 3651 916 3701 τοῦ
939 3651 1005 3718 βίον
1023 3647 1213 3717 καθεζόμενοι
1237 3648 1318 3718 μόλις

179 3710 293 3781 ἔξεδρον
311 3711 342 3768 ol
358 3717 410 3767 τοῦ
427 3711 535 3783 κόσμον
553 3719 652 3793 σοφοίΙ
668 3716 719 3778 τὰς
733 3720 788 3769 τῶν
801 3720 995 3784 συλλογισμῶν
1008 3717 1078 3785 λέγω
1090 3713 1208 3783 cicade,
1227 3720 1317 3770 ταῦτα

179 3785 325 3837 δείκνυται
344 3779 422 3849 παρά
441 3785 491 3850 τῆς
510 3779 620 3850 φάσεως
639 3803 654 3836 ο
672 3781 749 3838 κάων
767 3783 1005 3851 πεπαιδευμένος.
1034 3782 1140 3854 τὸγὰρ
1165 3787 1243 3855 ἴχνος
1266 3787 1318 3837 τοῦ

179 3852 285 3918 aaaron
304 3846 537 3918 dispensaremus,
556 3846 677 3904 ἐπειδάν
695 3846 764 3921 εόρῃ
783 3847 854 3905 αὐτὸ
871 3849 1055 3918 πολυτρόπως
1073 3850 1247 3922 σχιζόμενον,
1267 3850 1317 3912 τάς

180 3911 336 3985 ε’κασταχοῦ
364 3917 507 3985 φερούσας
530 3914 670 3987 ἐκτροπάς
694 3915 825 3973 ἐπελθών
846 3920 1001 3988 μονονουχὶ
1028 3918 1081 4003 ripa
1104 3918 1318 3989 culloyscrsnsiv

179 3982 277 4067 eperia
301 3979 406 4106 alpinos
431 3983 472 4039 δι’
494 3977 534 4038 όν
557 3983 684 4051 πράσσει·
709 3979 728 4055 ἢ
749 3984 850 4055 τήνδε,
871 3988 974 4054 φησίν,
995 3983 1103 4057 {apuam
1121 3987 1153 4041 td
1172 3979 1319 4055 δηριόνῆ

179 4055 261 4122 spade
280 4045 301 4121 ἢ
333 4053 367 4105 πὶ
385 4048 450 4106 τόδε
469 4050 501 4105 τό
518 4052 612 4121 μέρος·
631 4049 703 4107 άλλά
721 4053 779 4122 μὴν
797 4049 862 4107 οὔτε
879 4054 977 4122 τήνδε,
996 4053 1166 4125 λειπόμενόν
1180 4051 1235 4108 ἐστι
1249 4055 1317 4120 τῇδε

179 4115 329 4204 &oppandas
348 4115 427 4172 αότό.
463 4121 512 4173 καὶ
530 4118 618 4182 οὕτως
637 4123 670 4190 τῇ
688 4116 756 4174 α’ναι
778 4121 834 4174 ε’σει
854 4123 909 4173 τοῖν
926 4125 1044 4187 ψευδῶν
1062 4121 1187 4190 εὑρίσκει
1205 4120 1236 4173 τό
1248 4116 1316 4187 άλη-

180 4190 237 4249 δες.
278 4190 311 4241 τί
331 4184 533 4255 περισσότερον
550 4192 683 4242 ποιοῦσιν
706 4186 736 4241 οἱ
753 4142 800 4241 dut
818 4192 874 4241 reia
893 4189 1118 4260 διαγραμμάτων
1142 4191 1248 4268 σεμνῶς
1266 4207 1316 4239 κα-

180 4252 330 4324 θεζόμενοι
349 4254 398 4308 καὶ
417 4260 470 4324 τήν
487 4252 569 4310 κόνιν
587 4252 860 4338 καταχαράσοοντες,
879 4275 895 4307 τ
913 4259 966 4310 τῶν
984 4255 1147 4325 προτάσεων
1162 4257 1317 4319 αναιροῦν-

179 4340 221 4384 τες
237 4321 289 4384 τάς
308 4317 364 4376 delo
379 4323 430 4401 καὶΙ
448 4318 478 4375 lv
496 4327 529 4392 τῇ
548 4329 701 4404 λειπομενῃ
719 4321 749 4376 τό
768 4319 878 4399 άληθξς
896 4275 1121 4402 Ξξευρίσκοντεςς
1141 4321 1177 4401 ιτό
1196 4321 1227 4375 δὲ
1246 4341 1318 4401 pesp,

180 4390 296 4457 ρονικόν
318 4394 371 4459 τῆς
395 4410 509 4458 χαριτος
531 4397 581 4446 τοῦ
600 4398 671 4457 {ooo
689 4397 754 4446 τίνα
772 4395 829 4446 τιον
845 4394 1008 4458 οχοιρίστων
1025 4409 1096 4458 τιρος
1115 4389 1265 4459 εοεργέταρ
1282 4408 1317 4443 oo
