2964 5002
499 367 527 408 s.
543 365 723 407 urrscnunu
740 365 980 407 couusurmuvs
1242 348 1303 408 515

165 515 221 576 bus
234 515 417 576 Fenestella
434 516 667 587 ‘contenderet
694 516 830 596 quidest
851 537 965 596 quaeso
984 537 1037 576 cur
1058 516 1149 576 tidem
1168 518 1303 577 testimo-

164 618 214 677 nio
233 619 403 678 certissimo
423 618 623 696 abrogemus,
645 617 725 697 quod
742 628 789 678 eet
806 618 919 679 codicis
937 620 1137 700 antiquissimi
1153 620 1302 680 eiusdem·

164 740 224 801 que
240 721 347 800 optimi
361 715 511 796 Parisiui,
524 729 588 794 pest
601 724 687 779 oddus
700 725 871 795 comoediae,
886 725 1006 781 noudum
1022 727 1178 797 quintum
1199 732 1304 799 atque

164 827 369 881 uicesimum
392 843 497 882 caunum
522 840 677 898 opressum,
701 831 824 901 poetam
847 825 1017 885 excessisse
1043 824 1117 884 urbe
1139 822 1304 884 testantis?

165 926 356 986 Nouissimas
386 926 412 985 is
437 924 610 985 comoedias
636 924 783 985 docuerat
812 946 891 985 anno
917 935 984 991 594:
1011 936 1146 986 mortuus
1173 935 1220 987 est
1243 947 1303 986 uno

165 1038 232 1109 post
249 1049 345 1101 anno,
361 1028 418 1089 On.
436 1027 577 1087 Cornelio
592 1027 757 1087 Dolabella
771 1029 813 1087 M.
831 1028 941 1089 Fulvio
955 1028 1114 1089 Nobiliore
1131 1050 1206 1106 eos,
1229 1050 1302 1110 qno·

165 1150 228 1190 rum
252 1130 375 1190 nomina
392 1130 554 1190 Suetonius
574 1151 602 1210 p.
624 1139 672 1201 32,
699 1133 865 1208 reposuit:
889 1141 979 1191 natus
1007 1141 1053 1190 est
1078 1133 1171 1209 igitur
1196 1133 1304 1193 eodem

165 1233 261 1293 ferme
277 1253 337 1312 quo
353 1231 456 1314 Scipio
472 1242 621 1310 tempore,
644 1233 726 1291 vitae
743 1252 838 1292 annos
858 1234 978 1293 circiter
993 1253 1048 1293 sex
1068 1243 1100 1293 et
1115 1235 1223 1312 viginti
1238 1235 1304 1294 sive

166 1337 303 1415 explevit
318 1335 384 1393 sive
400 1333 511 1410 attigit,
527 1332 567 1392 ad
583 1332 778 1409 scribendum
793 1344 894 1394 autern
910 1337 1043 1396 accessit
1057 1356 1152 1395 annos
1168 1338 1234 1396 fere
1249 1358 1303 1396 un·

166 1437 315 1513 deviginti
329 1446 427 1497 natus.
466 1434 557 1514 Quod
573 1455 626 1493 cur
642 1436 730 1494 nimis
745 1435 919 1514 mirabimur
933 1439 965 1498 in
980 1458 1032 1512 eo,
1048 1458 1138 1521 quem
1155 1438 1204 1496 ‘ob
1220 1440 1304 1516 inge·

145 1538 248 1605 ,aium
264 1547 297 1598 et
310 1539 438 1597 formam
452 1559 513 1598 nou
529 1539 697 1596 institutum
718 1539 807 1599 modo
828 1539 1014 1614 liberaliter,
1033 1540 1088 1600 sed
1110 1550 1140 1629 et
1160 1548 1303 1599 mature

166 1661 257 1701 manu
271 1640 404 1699 missum'
420 1661 439 1699 o
450 1640 596 1700 Terentio
610 1639 736 1700 Lucano
751 1651 893 1701 senatore
905 1651 1008 1702 narrat
1023 1642 1211 1703 Suetonius?
1234 1643 1304 1701 Non

166 1742 322 1803 habebunt
337 1743 429 1819 igitur
444 1743 474 1801 in
489 1750 644 1821 posterum
662 1743 847 1803 litteratores
867 1745 971 1817 nostri,
987 1765 1047 1826 qno
1063 1747 1171 1804 ‘anuos
1184 1746 1304 1803 xxxvl'

167 1847 248 1906 vitae
264 1845 471 1905 Terentianae
489 1853 647 1916 tueantur,
671 1845 728 1903 nisi
751 1845 950 1925 depravatam
970 1848 1149 1926 scripturam
1170 1848 1303 1927 interpo-

166 1948 296 2008 latorum
316 1946 477 2008 librorum:
500 1966 580 2026 quae
602 1946 627 2004 si
652 1966 670 2004 a
692 1946 837 2007 Suetonio
858 1949 998 2026 proiecta
1024 1957 1120 2021 esset,
1142 1950 1260 2009 faceret
1279 1950 1305 2008 is

168 2049 248 2130 quod
263 2070 325 2108 non
339 2049 413 2109 fecit
430 2048 461 2107 lr.
478 2068 505 2108 e.
524 2048 555 2108 in
570 2048 767 2109 Fenestellae
786 2059 889 2128 partes
906 2049 1089 2110 discederet.

249 2152 325 2229 Peg.
340 2149 389 2223 32,
406 2150 425 2210 5
445 2149 526 2231 quod
541 2155 699 2209 moesiorum
721 2155 873 2225 inpressas
890 2152 1012 2229 scripsi,
1037 2173 1096 2212 non
1112 2154 1204 2212 aliam
1220 2174 1304 2213 caus·

122 2302 125 2307 .
167 2274 230 2314 sam
249 2253 345 2313 habui
359 2254 417 2313 nisi
436 2251 518 2332 quod
541 2253 751 2312 concinnitatis
766 2252 985 2332 varietatisque
1007 2255 1038 2311 in
1063 2253 1177 2314 dilectu
1196 2256 1304 2315 verbo·

167 2376 231 2419 rum
253 2354 348 2414 multo
371 2353 583 2414 studiosiorem
603 2375 693 2415 nesso
710 2354 887 2415 Suetonium
906 2341 1013 2413 videor
1036 2375 1128 2435 quam
1151 2357 1200 2414 cui
1220 2365 1304 2416 recte

168 2459 237 2519 talis
259 2457 406 2539 loquendi
427 2457 624 2534 neglegentia
645 2456 810 2517 tribuatur:
845 2459 966 2515 nondum
984 2456 1107 2531 quintum
1128 2465 1211 2532 atquc
1230 2464 1304 2515 uice·

168 2566 264 2619 aarum
277 2577 406 2635 egressus
422 2580 526 2618 eranum
542 2608 549 2622 .
563 2605 569 2616 .
584 2602 591 2616 .
606 2602 614 2616 .
629 2577 756 2634 opressus
775 2562 843 2617 urbe
857 2568 905 2616 est.
938 2559 1075 2618 Confessi
1094 2558 1169 2617 illud
1184 2559 1304 2618 varian-

100 2688 105 2695 ·
170 2661 226 2722 dae
247 2662 392 2721 cretionis
412 2660 545 2720 studium
562 2663 673 2738 poterit
692 2660 774 2742 (prod
791 2680 885 2740 supra
901 2663 1098 2738 cognovimus
1114 2660 1153 2720 ad
1176 2681 1246 2740 pag.
1262 2672 1304 2732 30,

170 2776 211 2829 le.
248 2765 286 2825 In
301 2778 471 2844 temporum
487 2762 653 2823 rationibus
676 2763 810 2842 paullum
827 2772 945 2822 estnec
960 2763 1052 2823 ullius
1066 2764 1207 2823 momenti
1223 2762 1304 2843 quod

169 2874 300 2927 mutatur
317 2866 376 2925 hac
390 2867 566 2925 mutatione.

251 2967 371 3028 Ibidem
383 2987 484 3027 corraso
499 2968 706 3046 praepositum
721 2986 776 3026 suo
788 2967 902 3027 nomini
914 2987 982 3026 cum
997 2968 1202 3027 nnum‘solum
1215 2987 1304 3047 prae·

169 3080 253 3131 terea
270 3070 442 3150 exemplum
455 3069 569 3130 lrabeat
586 3068 666 3147 apud
684 3068 862 3128 Suetonium
877 3072 957 3147 Aug.
971 3080 1005 3133 24
1020 3088 1121 3128 corroso
1137 3072 1309 3128 ‹tetrucmudr'
1338 3064 1342 3069 ’

168 3179 350 3237 marmot,
368 3193 448 3253 quae
462 3179 562 3252 potest
578 3183 663 3231 certa
678 3172 791 3231 locutio
808 3191 876 3229 esse
893 3172 1058 3251 antiquitus
1075 3171 1187 3231 tradite
1201 3172 1307 3252 (quem
1359 3147 1365 3167 Ι

170 3275 208 3337 ad
231 3275 353 3335 modum
378 3277 477 3335 senati
503 3273 673 3334 consultum
700 3271 738 3331 de
761 3273 1006 3333 Bacchanalibus
1033 3294 1178 3333 enarrans
1201 3274 1306 3334 Livius

169 3389 290 3449 mlx,
309 3386 341 3439 14
353 3378 563 3456 antiquitatem
580 3376 715 3435 servavit
728 3375 759 3433 in
777 3394 877 3434 caussa
892 3374 1070 3453 sacrorum),
1089 3374 1172 3435 haud
1186 3377 1251 3435 seio
1267 3396 1306 3435 an

169 3480 243 3540 illud
269 3479 369 3559 ipsum
393 3478 506 3538 indicio
529 3478 568 3538 sit
591 3477 752 3537 verborum
778 3498 796 3537 a
823 3480 989 3538 vetustiore
1012 3487 1151 3551 auctore,
1169 3478 1307 3538 Varrone

169 3592 257 3663 puto,
274 3590 471 3660 sumptorum.

252 3684 371 3765 Ibidem
393 3687 523 3741 uitondoe
543 3703 597 3762 pre
619 3685 765 3741 euitundue
780 3683 925 3743 Suetonio
948 3681 1081 3741 reddens
1096 3681 1226 3741 Rotlrius
1251 3683 1308 3741 etsi

169 3807 228 3847 non
245 3782 379 3845 debebat
394 3784 519 3844 verbum
534 3785 732 3863 compositum
747 3784 854 3844 abillo
871 3785 992 3843 omnino
1009 3782 1202 3857 abiudicare,
1226 3784 1308 3863 quod

171 3898 270 3954 exstat
287 3887 359 3947 Tib.
376 3896 410 3951 35
431 3890 470 3944 ud
485 3890 631 3944 ercitunrlos
645 3891 735 3962 leoena
745 3904 869 3961 portius,
891 3895 994 3946 tamen
1013 3896 1044 3945 et
1063 3887 1249 3966 frequentari
1269 3884 1308 3944 ab

171 3990 279 4051 eodem
297 3996 387 4049 uitare
404 4008 477 4048 vore
500 3988 576 4047 dixit
598 3997 629 4048 et
649 3989 864 4066 percommode
887 3991 1120 4048 constructionis
1137 3987 1308 4064 exeruplum

170 4093 354 4155 simillimum
376 4093 476 4152 evita
498 4090 678 4168 d.A11g.4o
700 4091 843 4170 protulit:
870 4109 918 4149 seu
939 4095 1047 4149 alwredi
1064 4095 1183 4148 merereris
1205 4106 1307 4145 cnrrssu

170 4216 222 4271 qao
237 4206 348 4271 patrem
368 4198 516 4253 Crresorem
536 4197 614 4268 scribo
632 4196 831 4268 reprehensum
846 4194 1076 4252 conuncmorobat
1150 4208 1200 4248 scu
1219 4191 1308 4247 studio

169 4302 314 4372 spectandi
327 4317 362 4355 ue
382 4301 522 4371 uoluputtc
537 4316 592 4371 quo
614 4300 703 4354 teucri
721 4314 751 4353 sc
814 4337 821 4354 .
837 4298 987 4371 professus
1007 4305 1056 4354 est.
1096 4291 1187 4370 Quod
1209 4293 1306 4369 ipsum

170 4399 342 4479 exemplum
359 4399 436 4458 facit
451 4406 485 4456 ut
498 4398 719 4478 propemodum
735 4398 872 4477 suspicer
886 4397 1024 4456 similiter
1041 4398 1071 4454 in
1089 4396 1153 4453 vita
1170 4392 1307 4453 Terentii

1040 4492 1105 4556 ³3*
