<?xml version="1.0" encoding="UTF-8"?>
<!DOCTYPE html PUBLIC "-//W3C//DTD XHTML 1.0 Transitional//EN"
    "http://www.w3.org/TR/xhtml1/DTD/xhtml1-transitional.dtd">
<html xmlns="http://www.w3.org/1999/xhtml" xml:lang="en" lang="en">
 <head>
  <title>
</title>
<meta http-equiv="Content-Type" content="text/html;charset=utf-8" />
  <meta name='ocr-system' content='tesseract 3.04.00' />
  <meta name='ocr-capabilities' content='ocr_page ocr_carea ocr_par ocr_line ocrx_word'/>
</head>
<body>
  <div class='ocr_page' id='page_1' title='image "./csvetonitranqvi00ritsgoog_0255.png"; bbox 0 0 2964 5002; ppageno 0'>
   <div class='ocr_carea' id='block_1_1' title="bbox 164 361 800 423">
    <p class='ocr_par' dir='ltr' id='par_1_1' title="bbox 164 361 800 423">
     <span class='ocr_line' id='line_1_1' title="bbox 164 361 800 423; baseline -0.016 -1"><span class='ocrx_word' id='word_1_1' title='bbox 164 361 227 423; x_wconf 80' lang='lat'>220</span> <span class='ocrx_word' id='word_1_2' title='bbox 669 373 800 414; x_wconf 76' lang='lat' dir='ltr'>runrvn</span> 
     </span>
    </p>
   </div>
   <div class='ocr_carea' id='block_1_2' title="bbox 164 517 1347 1814">
    <p class='ocr_par' dir='ltr' id='par_1_2' title="bbox 164 517 1347 1814">
     <span class='ocr_line' id='line_1_2' title="bbox 570 517 1016 600; baseline 0 -18"><span class='ocrx_word' id='word_1_3' title='bbox 570 517 668 583; x_wconf 86' lang='lat' dir='ltr'>uelox</span> <span class='ocrx_word' id='word_1_4' title='bbox 691 519 738 583; x_wconf 93' lang='lat' dir='ltr'>ibi</span> <span class='ocrx_word' id='word_1_5' title='bbox 759 528 855 582; x_wconf 92' lang='lat' dir='ltr'>nocte</span> <span class='ocrx_word' id='word_1_6' title='bbox 878 518 1016 600; x_wconf 81' lang='lat' dir='ltr'><strong>Bootes,</strong></span> 
     </span>
     <span class='ocr_line' id='line_1_3' title="bbox 165 616 1312 711; baseline -0.006 -23"><span class='ocrx_word' id='word_1_7' title='bbox 165 625 242 711; x_wconf 90' lang='lat' dir='ltr'>quia</span> <span class='ocrx_word' id='word_1_8' title='bbox 262 646 334 688; x_wconf 93' lang='lat' dir='ltr'>cum</span> <span class='ocrx_word' id='word_1_9' title='bbox 351 629 423 686; x_wconf 88' lang='lat' dir='ltr'>orta</span> <span class='ocrx_word' id='word_1_10' title='bbox 440 620 539 685; x_wconf 87' lang='lat' dir='ltr'>fuerit</span> <span class='ocrx_word' id='word_1_11' title='bbox 560 622 624 685; x_wconf 93' lang='lat' dir='ltr'>cito</span> <span class='ocrx_word' id='word_1_12' title='bbox 647 620 726 683; x_wconf 88' lang='lat' dir='ltr'>facit</span> <span class='ocrx_word' id='word_1_13' title='bbox 747 621 924 702; x_wconf 85' lang='lat' dir='ltr'>occasum]</span> <span class='ocrx_word' id='word_1_14' title='bbox 961 627 1208 683; x_wconf 74' lang='lat' dir='ltr'>sursumsunt</span> <span class='ocrx_word' id='word_1_15' title='bbox 1230 616 1312 682; x_wconf 93' lang='lat' dir='ltr'>mul-</span> 
     </span>
     <span class='ocr_line' id='line_1_4' title="bbox 165 720 1312 810; baseline -0.007 -20"><span class='ocrx_word' id='word_1_16' title='bbox 165 736 217 790; x_wconf 88' lang='lat' dir='ltr'>tae</span> <span class='ocrx_word' id='word_1_17' title='bbox 241 728 333 810; x_wconf 86' lang='lat' dir='ltr'>iuges</span> <span class='ocrx_word' id='word_1_18' title='bbox 355 720 487 802; x_wconf 90' lang='lat' dir='ltr'>stellae,</span> <span class='ocrx_word' id='word_1_19' title='bbox 510 743 591 808; x_wconf 89' lang='lat' dir='ltr'>quas</span> <span class='ocrx_word' id='word_1_20' title='bbox 615 721 713 784; x_wconf 91' lang='lat' dir='ltr'>etiam</span> <span class='ocrx_word' id='word_1_21' title='bbox 735 737 880 786; x_wconf 76' lang='lat' dir='ltr'>sousvu</span> <span class='ocrx_word' id='word_1_22' title='bbox 899 720 1102 809; x_wconf 83' lang='lat' dir='ltr'>appellamus</span> <span class='ocrx_word' id='word_1_23' title='bbox 1126 742 1146 783; x_wconf 90' lang='lat' dir='ltr'>a</span> <span class='ocrx_word' id='word_1_24' title='bbox 1167 720 1312 783; x_wconf 89' lang='lat' dir='ltr'>multitu·</span> 
     </span>
     <span class='ocr_line' id='line_1_5' title="bbox 165 819 1312 908; baseline -0.007 -17"><span class='ocrx_word' id='word_1_25' title='bbox 165 828 242 892; x_wconf 92' lang='lat' dir='ltr'>dine</span> <span class='ocrx_word' id='word_1_26' title='bbox 278 822 454 889; x_wconf 90' lang='lat' dir='ltr'>stellarum.</span> <span class='ocrx_word' id='word_1_27' title='bbox 503 844 578 886; x_wconf 88' lang='lat' dir='ltr'>nam</span> <span class='ocrx_word' id='word_1_28' title='bbox 614 829 647 885; x_wconf 89' lang='lat' dir='ltr'>et</span> <span class='ocrx_word' id='word_1_29' title='bbox 673 823 765 908; x_wconf 82' lang='lat' dir='ltr'><strong>ipsae</strong></span> <span class='ocrx_word' id='word_1_30' title='bbox 792 831 916 908; x_wconf 83' lang='lat' dir='ltr'>septem</span> <span class='ocrx_word' id='word_1_31' title='bbox 944 843 1018 886; x_wconf 90' lang='lat' dir='ltr'>esse</span> <span class='ocrx_word' id='word_1_32' title='bbox 1044 822 1212 903; x_wconf 87' lang='lat' dir='ltr'>dicuutur,</span> <span class='ocrx_word' id='word_1_33' title='bbox 1253 819 1312 884; x_wconf 89' lang='lat' dir='ltr'>sed</span> 
     </span>
     <span class='ocr_line' id='line_1_6' title="bbox 164 921 1333 1014; baseline -0.009 -23"><span class='ocrx_word' id='word_1_34' title='bbox 164 926 304 1014; x_wconf 88' lang='lat' dir='ltr'>amplius</span> <span class='ocrx_word' id='word_1_35' title='bbox 327 945 423 1012; x_wconf 91' lang='lat' dir='ltr'>quam</span> <span class='ocrx_word' id='word_1_36' title='bbox 446 945 506 988; x_wconf 85' lang='lat' dir='ltr'>sex</span> <span class='ocrx_word' id='word_1_37' title='bbox 523 922 634 986; x_wconf 90' lang='lat' dir='ltr'>nullus</span> <span class='ocrx_word' id='word_1_38' title='bbox 656 925 845 1009; x_wconf 79' lang='lat' dir='ltr'>conspicere</span> <span class='ocrx_word' id='word_1_39' title='bbox 866 931 983 1011; x_wconf 88' lang='lat' dir='ltr'>potest.</span> <span class='ocrx_word' id='word_1_40' title='bbox 1020 922 1102 987; x_wconf 88' lang='lat' dir='ltr'>hacc</span> <span class='ocrx_word' id='word_1_41' title='bbox 1120 921 1163 986; x_wconf 86' lang='lat' dir='ltr'>ab</span> <span class='ocrx_word' id='word_1_42' title='bbox 1185 922 1333 985; x_wconf 76' lang='lat' dir='ltr'>orientes</span> 
     </span>
     <span class='ocr_line' id='line_1_7' title="bbox 166 1020 1313 1113; baseline -0.005 -21"><span class='ocrx_word' id='word_1_43' title='bbox 166 1037 304 1113; x_wconf 83' lang='lat' dir='ltr'>surgunt</span> <span class='ocrx_word' id='word_1_44' title='bbox 326 1034 359 1089; x_wconf 89' lang='lat' dir='ltr'>et</span> <span class='ocrx_word' id='word_1_45' title='bbox 379 1024 661 1111; x_wconf 78' lang='lat' dir='ltr'>adpropinquante</span> <span class='ocrx_word' id='word_1_46' title='bbox 680 1023 745 1088; x_wconf 90' lang='lat' dir='ltr'>diei</span> <span class='ocrx_word' id='word_1_47' title='bbox 770 1025 918 1088; x_wconf 89' lang='lat' dir='ltr'>claritate</span> <span class='ocrx_word' id='word_1_48' title='bbox 948 1022 1117 1089; x_wconf 86' lang='lat' dir='ltr'>stellarum</span> <span class='ocrx_word' id='word_1_49' title='bbox 1139 1024 1209 1087; x_wconf 89' lang='lat' dir='ltr'>eius</span> <span class='ocrx_word' id='word_1_50' title='bbox 1232 1020 1313 1086; x_wconf 91' lang='lat' dir='ltr'>ordo</span> 
     </span>
     <span class='ocr_line' id='line_1_8' title="bbox 166 1123 1314 1211; baseline -0.005 -18"><span class='ocrx_word' id='word_1_51' title='bbox 166 1128 373 1193; x_wconf 83' lang='lat' dir='ltr'>distenditur.</span> <span class='ocrx_word' id='word_1_52' title='bbox 416 1124 550 1190; x_wconf 76' lang='lat' dir='ltr'>Pliades</span> <span class='ocrx_word' id='word_1_53' title='bbox 572 1134 679 1189; x_wconf 87' lang='lat' dir='ltr'>autem</span> <span class='ocrx_word' id='word_1_54' title='bbox 702 1147 723 1189; x_wconf 88' lang='lat' dir='ltr'>a</span> <span class='ocrx_word' id='word_1_55' title='bbox 743 1123 933 1210; x_wconf 84' lang='lat' dir='ltr'>pluralitate</span> <span class='ocrx_word' id='word_1_56' title='bbox 955 1134 1091 1189; x_wconf 88' lang='lat' dir='ltr'>uocatae</span> <span class='ocrx_word' id='word_1_57' title='bbox 1114 1133 1205 1206; x_wconf 89' lang='lat' dir='ltr'>suut,</span> <span class='ocrx_word' id='word_1_58' title='bbox 1235 1124 1314 1211; x_wconf 89' lang='lat' dir='ltr'>quia</span> 
     </span>
     <span class='ocr_line' id='line_1_9' title="bbox 166 1217 1314 1317; baseline -0.005 -24"><span class='ocrx_word' id='word_1_59' title='bbox 166 1227 386 1317; x_wconf 87' lang='lat' dir='ltr'>pluralitatem</span> <span class='ocrx_word' id='word_1_60' title='bbox 415 1226 536 1292; x_wconf 85' lang='lat' dir='ltr'>Graeci</span> <span class='ocrx_word' id='word_1_61' title='bbox 563 1217 630 1290; x_wconf 71' lang='lat' dir='ltr'>dud</span> <span class='ocrx_word' id='word_1_62' title='bbox 657 1224 719 1291; x_wconf 84' lang='grc' dir='ltr'>τοῦ</span> <span class='ocrx_word' id='word_1_63' title='bbox 744 1227 904 1289; x_wconf 77' lang='grc' dir='ltr'><strong><em>πλείστου</em></strong></span> <span class='ocrx_word' id='word_1_64' title='bbox 933 1224 1111 1313; x_wconf 89' lang='lat' dir='ltr'>appellant.</span> <span class='ocrx_word' id='word_1_65' title='bbox 1160 1224 1219 1293; x_wconf 86' lang='lat' dir='ltr'>has</span> <span class='ocrx_word' id='word_1_66' title='bbox 1248 1224 1314 1288; x_wconf 87' lang='lat' dir='ltr'>La-</span> 
     </span>
     <span class='ocr_line' id='line_1_10' title="bbox 165 1326 1314 1414; baseline -0.004 -20"><span class='ocrx_word' id='word_1_67' title='bbox 165 1330 226 1394; x_wconf 92' lang='lat' dir='ltr'>tini</span> <span class='ocrx_word' id='word_1_68' title='bbox 246 1344 434 1393; x_wconf 73' lang='lat' dir='ltr'>vaudinus</span> <span class='ocrx_word' id='word_1_69' title='bbox 456 1327 705 1413; x_wconf 86' lang='lat' dir='ltr'>appellauerunt</span> <span class='ocrx_word' id='word_1_70' title='bbox 719 1348 757 1392; x_wconf 88' lang='lat' dir='ltr'>eo</span> <span class='ocrx_word' id='word_1_71' title='bbox 775 1326 861 1413; x_wconf 88' lang='lat' dir='ltr'>quod</span> <span class='ocrx_word' id='word_1_72' title='bbox 883 1336 958 1414; x_wconf 91' lang='lat' dir='ltr'>post</span> <span class='ocrx_word' id='word_1_73' title='bbox 976 1347 1035 1390; x_wconf 92' lang='lat' dir='ltr'>uer</span> <span class='ocrx_word' id='word_1_74' title='bbox 1051 1328 1262 1408; x_wconf 85' lang='lat' dir='ltr'>exoriuntur,·</span> <span class='ocrx_word' id='word_1_75' title='bbox 1281 1333 1314 1389; x_wconf 86' lang='lat' dir='ltr'>et</span> 
     </span>
     <span class='ocr_line' id='line_1_11' title="bbox 166 1417 1347 1517; baseline -0.005 -21"><span class='ocrx_word' id='word_1_76' title='bbox 166 1453 205 1496; x_wconf 88' lang='lat' dir='ltr'>eo</span> <span class='ocrx_word' id='word_1_77' title='bbox 227 1433 333 1517; x_wconf 85' lang='lat' dir='ltr'>magis</span> <span class='ocrx_word' id='word_1_78' title='bbox 356 1453 376 1494; x_wconf 92' lang='lat' dir='ltr'>a</span> <span class='ocrx_word' id='word_1_79' title='bbox 397 1430 516 1494; x_wconf 86' lang='lat' dir='ltr'>ceteris</span> <span class='ocrx_word' id='word_1_80' title='bbox 537 1417 783 1512; x_wconf 87' lang='lat' dir='ltr'>praedicantur,</span> <span class='ocrx_word' id='word_1_81' title='bbox 808 1426 894 1516; x_wconf 94' lang='lat' dir='ltr'>quod</span> <span class='ocrx_word' id='word_1_82' title='bbox 918 1427 968 1491; x_wconf 91' lang='lat' dir='ltr'>bis</span> <span class='ocrx_word' id='word_1_83' title='bbox 992 1427 1218 1492; x_wconf 85' lang='lat' dir='ltr'>exorientibus</span> <span class='ocrx_word' id='word_1_84' title='bbox 1238 1449 1310 1491; x_wconf 90' lang='lat' dir='ltr'>aes·</span> <span class='ocrx_word' id='word_1_85' title='bbox 1321 1442 1347 1482; x_wconf 84' lang='lat'>¹⁰</span> 
     </span>
     <span class='ocr_line' id='line_1_12' title="bbox 166 1528 1314 1616; baseline -0.005 -20"><span class='ocrx_word' id='word_1_86' title='bbox 166 1542 217 1597; x_wconf 88' lang='lat' dir='ltr'>tas</span> <span class='ocrx_word' id='word_1_87' title='bbox 256 1531 458 1616; x_wconf 83' lang='lat' dir='ltr'>significatur</span> <span class='ocrx_word' id='word_1_88' title='bbox 490 1540 523 1593; x_wconf 92' lang='lat' dir='ltr'>et</span> <span class='ocrx_word' id='word_1_89' title='bbox 549 1528 774 1593; x_wconf 88' lang='lat' dir='ltr'>occidentibus</span> <span class='ocrx_word' id='word_1_90' title='bbox 802 1529 928 1615; x_wconf 88' lang='lat' dir='ltr'>hiemps</span> <span class='ocrx_word' id='word_1_91' title='bbox 957 1528 1149 1593; x_wconf 87' lang='lat' dir='ltr'>ostenditur.</span> <span class='ocrx_word' id='word_1_92' title='bbox 1201 1544 1314 1592; x_wconf 78' lang='lat' dir='ltr'>oslon</span> 
     </span>
     <span class='ocr_line' id='line_1_13' title="bbox 167 1613 1313 1716; baseline -0.006 -18"><span class='ocrx_word' id='word_1_93' title='bbox 167 1633 263 1700; x_wconf 87' lang='lat' dir='ltr'>stella</span> <span class='ocrx_word' id='word_1_94' title='bbox 279 1641 328 1696; x_wconf 91' lang='lat' dir='ltr'>est</span> <span class='ocrx_word' id='word_1_95' title='bbox 346 1659 418 1696; x_wconf 65' lang='lat' dir='ltr'>*aa</span> <span class='ocrx_word' id='word_1_96' title='bbox 440 1613 493 1694; x_wconf 81' lang='lat' dir='ltr'>hie</span> <span class='ocrx_word' id='word_1_97' title='bbox 506 1639 613 1694; x_wconf 90' lang='lat' dir='ltr'>autem</span> <span class='ocrx_word' id='word_1_98' title='bbox 626 1629 729 1694; x_wconf 91' lang='lat' dir='ltr'>Orion</span> <span class='ocrx_word' id='word_1_99' title='bbox 745 1651 765 1692; x_wconf 91' lang='lat' dir='ltr'>a</span> <span class='ocrx_word' id='word_1_100' title='bbox 777 1629 888 1716; x_wconf 84' lang='lat' dir='ltr'>gladio</span> <span class='ocrx_word' id='word_1_101' title='bbox 905 1629 1013 1695; x_wconf 90' lang='lat' dir='ltr'>dictus</span> <span class='ocrx_word' id='word_1_102' title='bbox 1028 1638 1093 1711; x_wconf 91' lang='lat' dir='ltr'>est,</span> <span class='ocrx_word' id='word_1_103' title='bbox 1109 1629 1197 1693; x_wconf 91' lang='lat' dir='ltr'>unde</span> <span class='ocrx_word' id='word_1_104' title='bbox 1213 1630 1313 1692; x_wconf 91' lang='lat' dir='ltr'>ctiam</span> 
     </span>
     <span class='ocr_line' id='line_1_14' title="bbox 168 1731 1314 1814; baseline -0.006 -14"><span class='ocrx_word' id='word_1_105' title='bbox 168 1757 242 1801; x_wconf 90' lang='lat' dir='ltr'>cum</span> <span class='ocrx_word' id='word_1_106' title='bbox 271 1734 380 1798; x_wconf 86' lang='lat' dir='ltr'>Latini</span> <span class='ocrx_word' id='word_1_107' title='bbox 407 1748 567 1795; x_wconf 79' lang='lat' dir='ltr'>rvevuuu</span> <span class='ocrx_word' id='word_1_108' title='bbox 593 1740 730 1814; x_wconf 85' lang='lat' dir='ltr'>uocant,</span> <span class='ocrx_word' id='word_1_109' title='bbox 764 1731 856 1796; x_wconf 91' lang='lat' dir='ltr'>sidus</span> <span class='ocrx_word' id='word_1_110' title='bbox 883 1739 920 1795; x_wconf 94' lang='lat' dir='ltr'>ut</span> <span class='ocrx_word' id='word_1_111' title='bbox 941 1731 1071 1796; x_wconf 89' lang='lat' dir='ltr'>uidetur</span> <span class='ocrx_word' id='word_1_112' title='bbox 1098 1739 1259 1796; x_wconf 88' lang='lat' dir='ltr'>armatum</span> <span class='ocrx_word' id='word_1_113' title='bbox 1282 1741 1314 1793; x_wconf 91' lang='lat' dir='ltr'>ct</span> 
     </span>
    </p>
   </div>
   <div class='ocr_carea' id='block_1_3' title="bbox 168 1919 1319 3745">
    <p class='ocr_par' dir='ltr' id='par_1_3' title="bbox 168 1919 1319 3745">
     <span class='ocr_line' id='line_1_15' title="bbox 168 1919 1256 1990; baseline -0.003 -17"><span class='ocrx_word' id='word_1_114' title='bbox 168 1924 305 1990; x_wconf 81' lang='lat' dir='ltr'>proximos</span> <span class='ocrx_word' id='word_1_115' title='bbox 328 1922 377 1972; x_wconf 88' lang='lat' dir='ltr'>sed</span> <span class='ocrx_word' id='word_1_116' title='bbox 401 1925 523 1985; x_wconf 87' lang='lat' dir='ltr'>tempore</span> <span class='ocrx_word' id='word_1_117' title='bbox 542 1919 646 1971; x_wconf 89' lang='lat' dir='ltr'>diuisos</span> <span class='ocrx_word' id='word_1_118' title='bbox 665 1920 709 1970; x_wconf 90' lang='lat' dir='ltr'>dei</span> <span class='ocrx_word' id='word_1_119' title='bbox 727 1921 936 1986; x_wconf 89' lang='lat' dir='ltr'>praedicatores</span> <span class='ocrx_word' id='word_1_120' title='bbox 954 1920 1110 1972; x_wconf 85' lang='lat' dir='ltr'>ostendunt.</span> <span class='ocrx_word' id='word_1_121' title='bbox 1147 1919 1256 1970; x_wconf 90' lang='lat' dir='ltr'>Orion</span> 
     </span>
     <span class='ocr_line' id='line_1_16' title="bbox 168 1987 1313 2058; baseline -0.003 -17"><span class='ocrx_word' id='word_1_122' title='bbox 168 1991 385 2058; x_wconf 89' lang='lat' dir='ltr'>perturbant.</span> <span class='ocrx_word' id='word_1_123' title='bbox 422 1987 541 2038; x_wconf 90' lang='lat' dir='ltr'>Oriones</span> <span class='ocrx_word' id='word_1_124' title='bbox 559 1992 652 2037; x_wconf 89' lang='lat' dir='ltr'>autem</span> <span class='ocrx_word' id='word_1_125' title='bbox 670 1987 832 2053; x_wconf 84' lang='lat' dir='ltr'>significant</span> <span class='ocrx_word' id='word_1_126' title='bbox 844 1994 987 2054; x_wconf 80' lang='lat' dir='ltr'>martyres,</span> <span class='ocrx_word' id='word_1_127' title='bbox 1006 2003 1069 2038; x_wconf 81' lang='lat' dir='ltr'>nem</span> <span class='ocrx_word' id='word_1_128' title='bbox 1088 1989 1162 2038; x_wconf 90' lang='lat' dir='ltr'>sieut</span> <span class='ocrx_word' id='word_1_129' title='bbox 1179 1987 1228 2038; x_wconf 91' lang='lat' dir='ltr'>isti</span> <span class='ocrx_word' id='word_1_130' title='bbox 1245 1995 1313 2037; x_wconf 80' lang='lat' dir='ltr'>‘uas-</span> 
     </span>
     <span class='ocr_line' id='line_1_17' title="bbox 169 2055 1313 2121; baseline -0.004 -12"><span class='ocrx_word' id='word_1_131' title='bbox 169 2063 268 2110; x_wconf 89' lang='lat' dir='ltr'>cuutur</span> <span class='ocrx_word' id='word_1_132' title='bbox 285 2059 314 2107; x_wconf 93' lang='lat' dir='ltr'>in</span> <span class='ocrx_word' id='word_1_133' title='bbox 333 2056 413 2107; x_wconf 87' lang='lat' dir='ltr'>eaelo</span> <span class='ocrx_word' id='word_1_134' title='bbox 432 2061 555 2120; x_wconf 87' lang='lat' dir='ltr'>tempore</span> <span class='ocrx_word' id='word_1_135' title='bbox 573 2055 681 2118; x_wconf 86' lang='lat' dir='ltr'>hiemis,</span> <span class='ocrx_word' id='word_1_136' title='bbox 701 2055 742 2105; x_wconf 88' lang='lat' dir='ltr'>ita</span> <span class='ocrx_word' id='word_1_137' title='bbox 754 2056 783 2105; x_wconf 90' lang='lat' dir='ltr'>in</span> <span class='ocrx_word' id='word_1_138' title='bbox 797 2056 919 2107; x_wconf 85' lang='lat' dir='ltr'>eeclesia</span> <span class='ocrx_word' id='word_1_139' title='bbox 931 2061 1067 2120; x_wconf 81' lang='lat' dir='ltr'>martyres</span> <span class='ocrx_word' id='word_1_140' title='bbox 1079 2055 1232 2121; x_wconf 88' lang='lat' dir='ltr'>procedunt</span> <span class='ocrx_word' id='word_1_141' title='bbox 1245 2060 1313 2105; x_wconf 88' lang='lat' dir='ltr'>tem-</span> 
     </span>
     <span class='ocr_line' id='line_1_18' title="bbox 168 2123 1314 2193; baseline -0.003 -18"><span class='ocrx_word' id='word_1_142' title='bbox 168 2141 234 2193; x_wconf 91' lang='lat' dir='ltr'>pore</span> <span class='ocrx_word' id='word_1_143' title='bbox 258 2124 468 2191; x_wconf 86' lang='lat' dir='ltr'>persecutionis.</span> <span class='ocrx_word' id='word_1_144' title='bbox 510 2123 724 2188; x_wconf 89' lang='lat' dir='ltr'>procedentibus</span> <span class='ocrx_word' id='word_1_145' title='bbox 745 2124 894 2175; x_wconf 90' lang='lat' dir='ltr'>Oriouibus</span> <span class='ocrx_word' id='word_1_146' title='bbox 922 2140 998 2175; x_wconf 88' lang='lat' dir='ltr'>mare</span> <span class='ocrx_word' id='word_1_147' title='bbox 1022 2124 1149 2173; x_wconf 88' lang='lat' dir='ltr'>turbatur</span> <span class='ocrx_word' id='word_1_148' title='bbox 1176 2127 1206 2172; x_wconf 91' lang='lat' dir='ltr'>et</span> <span class='ocrx_word' id='word_1_149' title='bbox 1227 2127 1314 2184; x_wconf 87' lang='lat' dir='ltr'>terra,</span> 
     </span>
     <span class='ocr_line' id='line_1_19' title="bbox 169 2190 1314 2256; baseline -0.003 -12"><span class='ocrx_word' id='word_1_150' title='bbox 169 2193 275 2244; x_wconf 91' lang='lat' dir='ltr'>obortis</span> <span class='ocrx_word' id='word_1_151' title='bbox 292 2209 359 2242; x_wconf 86' lang='lat' dir='ltr'>uero</span> <span class='ocrx_word' id='word_1_152' title='bbox 377 2190 544 2254; x_wconf 83' lang='lat' dir='ltr'>martyribus</span> <span class='ocrx_word' id='word_1_153' title='bbox 561 2195 731 2241; x_wconf 89' lang='lat' dir='ltr'>terrenorum</span> <span class='ocrx_word' id='word_1_154' title='bbox 750 2196 779 2241; x_wconf 91' lang='lat' dir='ltr'>et</span> <span class='ocrx_word' id='word_1_155' title='bbox 796 2191 946 2242; x_wconf 89' lang='lat' dir='ltr'>infidelium</span> <span class='ocrx_word' id='word_1_156' title='bbox 965 2191 1050 2242; x_wconf 85' lang='lat' dir='ltr'>corda</span> <span class='ocrx_word' id='word_1_157' title='bbox 1067 2194 1236 2256; x_wconf 76' lang='lat' dir='ltr'>tempestate</span> <span class='ocrx_word' id='word_1_158' title='bbox 1254 2192 1314 2240; x_wconf 80' lang='lat' dir='ltr'>iac·</span> 
     </span>
     <span class='ocr_line' id='line_1_20' title="bbox 169 2256 1314 2323; baseline -0.003 -11"><span class='ocrx_word' id='word_1_159' title='bbox 169 2266 272 2312; x_wconf 85' lang='lat' dir='ltr'>tantur.</span> <span class='ocrx_word' id='word_1_160' title='bbox 308 2259 425 2310; x_wconf 80' lang='lat' dir='ltr'>Lucifer</span> <span class='ocrx_word' id='word_1_161' title='bbox 442 2256 525 2308; x_wconf 82' lang='lat' dir='ltr'>stella</span> <span class='ocrx_word' id='word_1_162' title='bbox 539 2258 644 2322; x_wconf 63' lang='lat' dir='ltr'>nitens,</span> <span class='ocrx_word' id='word_1_163' title='bbox 670 2274 740 2323; x_wconf 88' lang='lat' dir='ltr'>quae</span> <span class='ocrx_word' id='word_1_164' title='bbox 759 2259 878 2310; x_wconf 88' lang='lat' dir='ltr'>omnium</span> <span class='ocrx_word' id='word_1_165' title='bbox 896 2258 1014 2309; x_wconf 76' lang='lat' dir='ltr'>maxime</span> <span class='ocrx_word' id='word_1_166' title='bbox 1033 2257 1135 2309; x_wconf 84' lang='lat' dir='ltr'>clarior</span> <span class='ocrx_word' id='word_1_167' title='bbox 1152 2272 1213 2308; x_wconf 85' lang='lat' dir='ltr'>esse</span> <span class='ocrx_word' id='word_1_168' title='bbox 1237 2258 1314 2308; x_wconf 89' lang='lat' dir='ltr'>uide·</span> 
     </span>
     <span class='ocr_line' id='line_1_21' title="bbox 170 2325 1316 2393; baseline -0.003 -14"><span class='ocrx_word' id='word_1_169' title='bbox 170 2335 229 2392; x_wconf 72' lang='lat' dir='ltr'>tur3</span> <span class='ocrx_word' id='word_1_170' title='bbox 247 2344 311 2378; x_wconf 88' lang='lat' dir='ltr'>uam</span> <span class='ocrx_word' id='word_1_171' title='bbox 329 2325 554 2393; x_wconf 82' lang='lat' dir='ltr'>quemadmodum</span> <span class='ocrx_word' id='word_1_172' title='bbox 578 2326 619 2377; x_wconf 86' lang='lat' dir='ltr'>sol</span> <span class='ocrx_word' id='word_1_173' title='bbox 644 2332 673 2377; x_wconf 89' lang='lat' dir='ltr'>ct</span> <span class='ocrx_word' id='word_1_174' title='bbox 689 2326 770 2389; x_wconf 86' lang='lat' dir='ltr'>luna,</span> <span class='ocrx_word' id='word_1_175' title='bbox 794 2327 836 2377; x_wconf 85' lang='lat' dir='ltr'>ita</span> <span class='ocrx_word' id='word_1_176' title='bbox 859 2331 889 2377; x_wconf 91' lang='lat' dir='ltr'>et</span> <span class='ocrx_word' id='word_1_177' title='bbox 910 2327 981 2377; x_wconf 83' lang='lat' dir='ltr'>haee</span> <span class='ocrx_word' id='word_1_178' title='bbox 998 2326 1124 2376; x_wconf 85' lang='lat' dir='ltr'>umbram</span> <span class='ocrx_word' id='word_1_179' title='bbox 1142 2325 1222 2376; x_wconf 90' lang='lat' dir='ltr'>facit.</span> <span class='ocrx_word' id='word_1_180' title='bbox 1258 2326 1316 2376; x_wconf 84' lang='lat' dir='ltr'>ista</span> 
     </span>
     <span class='ocr_line' id='line_1_22' title="bbox 170 2393 1315 2462; baseline -0.003 -15"><span class='ocrx_word' id='word_1_181' title='bbox 170 2398 256 2462; x_wconf 89' lang='lat' dir='ltr'>igitur</span> <span class='ocrx_word' id='word_1_182' title='bbox 273 2397 407 2446; x_wconf 87' lang='lat' dir='ltr'>orientem</span> <span class='ocrx_word' id='word_1_183' title='bbox 431 2393 517 2444; x_wconf 87' lang='lat' dir='ltr'>solem</span> <span class='ocrx_word' id='word_1_184' title='bbox 541 2394 687 2459; x_wconf 90' lang='lat' dir='ltr'>praecedit</span> <span class='ocrx_word' id='word_1_185' title='bbox 710 2394 798 2460; x_wconf 89' lang='lat' dir='ltr'>adque</span> <span class='ocrx_word' id='word_1_186' title='bbox 822 2410 903 2445; x_wconf 88' lang='lat' dir='ltr'>maus</span> <span class='ocrx_word' id='word_1_187' title='bbox 932 2395 1062 2444; x_wconf 81' lang='lat' dir='ltr'>nuntians</span> <span class='ocrx_word' id='word_1_188' title='bbox 1089 2394 1221 2444; x_wconf 77' lang='lat' dir='ltr'>tenebras</span> <span class='ocrx_word' id='word_1_189' title='bbox 1248 2409 1315 2443; x_wconf 90' lang='lat' dir='ltr'>noc-</span> 
     </span>
     <span class='ocr_line' id='line_1_23' title="bbox 170 2461 1316 2577; baseline -0.003 -62"><span class='ocrx_word' id='word_1_190' title='bbox 170 2466 206 2516; x_wconf 91' lang='lat' dir='ltr'>tis</span> <span class='ocrx_word' id='word_1_191' title='bbox 228 2464 340 2514; x_wconf 90' lang='lat' dir='ltr'>luminis</span> <span class='ocrx_word' id='word_1_192' title='bbox 363 2462 406 2513; x_wconf 89' lang='lat' dir='ltr'>sui</span> <span class='ocrx_word' id='word_1_193' title='bbox 429 2461 536 2526; x_wconf 87' lang='lat' dir='ltr'>fulgore</span> <span class='ocrx_word' id='word_1_194' title='bbox 559 2463 676 2528; x_wconf 80' lang='lat' dir='ltr'>spargit.</span> <span class='ocrx_word' id='word_1_195' title='bbox 717 2463 794 2512; x_wconf 88' lang='lat' dir='ltr'>cuius</span> <span class='ocrx_word' id='word_1_196' title='bbox 817 2461 905 2529; x_wconf 87' lang='lat' dir='ltr'>ligura</span> <span class='ocrx_word' id='word_1_197' title='bbox 928 2467 972 2512; x_wconf 87' lang='lat' dir='ltr'>est</span> <span class='ocrx_word' id='word_1_198' title='bbox 994 2461 1134 2524; x_wconf 82' lang='lat' dir='ltr'>Christus,</span> <span class='ocrx_word' id='word_1_199' title='bbox 1165 2461 1213 2577; x_wconf 56' lang='lat' dir='ltr'>gui</span> <span class='ocrx_word' id='word_1_200' title='bbox 1237 2461 1316 2512; x_wconf 85' lang='lat' dir='ltr'>uelut</span> 
     </span>
     <span class='ocr_line' id='line_1_24' title="bbox 170 2528 1315 2596; baseline -0.003 -14"><span class='ocrx_word' id='word_1_201' title='bbox 170 2533 273 2582; x_wconf 82' lang='lat' dir='ltr'>lucifer</span> <span class='ocrx_word' id='word_1_202' title='bbox 289 2547 339 2596; x_wconf 90' lang='lat' dir='ltr'>per</span> <span class='ocrx_word' id='word_1_203' title='bbox 356 2529 557 2579; x_wconf 88' lang='lat' dir='ltr'>iucarnationis</span> <span class='ocrx_word' id='word_1_204' title='bbox 575 2530 734 2592; x_wconf 84' lang='lat' dir='ltr'>mysterium</span> <span class='ocrx_word' id='word_1_205' title='bbox 752 2529 920 2595; x_wconf 86' lang='lat' dir='ltr'>producitur,</span> <span class='ocrx_word' id='word_1_206' title='bbox 938 2545 988 2594; x_wconf 89' lang='lat' dir='ltr'>per</span> <span class='ocrx_word' id='word_1_207' title='bbox 1006 2544 1086 2594; x_wconf 89' lang='lat' dir='ltr'>quem</span> <span class='ocrx_word' id='word_1_208' title='bbox 1103 2528 1150 2578; x_wconf 85' lang='lat' dir='ltr'>lux</span> <span class='ocrx_word' id='word_1_209' title='bbox 1188 2528 1232 2579; x_wconf 86' lang='lat' dir='ltr'>dei</span> <span class='ocrx_word' id='word_1_210' title='bbox 1245 2533 1315 2579; x_wconf 76' lang='lat' dir='ltr'>tum·</span> 
     </span>
     <span class='ocr_line' id='line_1_25' title="bbox 172 2597 1317 2666; baseline -0.002 -18"><span class='ocrx_word' id='word_1_211' title='bbox 172 2616 252 2666; x_wconf 91' lang='lat' dir='ltr'>qnam</span> <span class='ocrx_word' id='word_1_212' title='bbox 276 2600 336 2649; x_wconf 91' lang='lat' dir='ltr'>dies</span> <span class='ocrx_word' id='word_1_213' title='bbox 359 2602 488 2648; x_wconf 89' lang='lat' dir='ltr'>secutura</span> <span class='ocrx_word' id='word_1_214' title='bbox 511 2602 686 2650; x_wconf 86' lang='lat' dir='ltr'>monstratur.</span> <span class='ocrx_word' id='word_1_215' title='bbox 726 2597 841 2647; x_wconf 84' lang='lat' dir='ltr'>Lucifer</span> <span class='ocrx_word' id='word_1_216' title='bbox 864 2603 956 2647; x_wconf 90' lang='lat' dir='ltr'>autem</span> <span class='ocrx_word' id='word_1_217' title='bbox 984 2597 1133 2662; x_wconf 87' lang='lat' dir='ltr'>bipertitus</span> <span class='ocrx_word' id='word_1_218' title='bbox 1157 2602 1213 2658; x_wconf 89' lang='lat' dir='ltr'>est,</span> <span class='ocrx_word' id='word_1_219' title='bbox 1238 2597 1317 2646; x_wconf 86' lang='lat' dir='ltr'>euius</span> 
     </span>
     <span class='ocr_line' id='line_1_26' title="bbox 172 2663 1316 2735; baseline -0.003 -18"><span class='ocrx_word' id='word_1_220' title='bbox 172 2684 237 2735; x_wconf 88' lang='lat' dir='ltr'>pars</span> <span class='ocrx_word' id='word_1_221' title='bbox 255 2670 354 2716; x_wconf 84' lang='lat' dir='ltr'>sancte</span> <span class='ocrx_word' id='word_1_222' title='bbox 372 2671 423 2726; x_wconf 83' lang='lat' dir='ltr'>est,</span> <span class='ocrx_word' id='word_1_223' title='bbox 442 2665 514 2714; x_wconf 88' lang='lat' dir='ltr'>sicut</span> <span class='ocrx_word' id='word_1_224' title='bbox 532 2664 655 2714; x_wconf 93' lang='lat' dir='ltr'>dominus</span> <span class='ocrx_word' id='word_1_225' title='bbox 674 2665 702 2713; x_wconf 92' lang='lat' dir='ltr'>in</span> <span class='ocrx_word' id='word_1_226' title='bbox 721 2665 882 2729; x_wconf 78' lang='lat' dir='ltr'>apocalypsi</span> <span class='ocrx_word' id='word_1_227' title='bbox 901 2665 936 2714; x_wconf 91' lang='lat' dir='ltr'>de</span> <span class='ocrx_word' id='word_1_228' title='bbox 954 2680 984 2714; x_wconf 91' lang='lat' dir='ltr'>se</span> <span class='ocrx_word' id='word_1_229' title='bbox 1003 2671 1031 2714; x_wconf 90' lang='lat' dir='ltr'>ct</span> <span class='ocrx_word' id='word_1_230' title='bbox 1049 2664 1083 2713; x_wconf 87' lang='lat' dir='ltr'>de</span> <span class='ocrx_word' id='word_1_231' title='bbox 1097 2663 1218 2714; x_wconf 79' lang='lat' dir='ltr'>ccclesia</span> <span class='ocrx_word' id='word_1_232' title='bbox 1231 2663 1316 2713; x_wconf 84' lang='lat' dir='ltr'>dicit:</span> 
     </span>
     <span class='ocr_line' id='line_1_27' title="bbox 172 2731 1316 2801; baseline -0.004 -16"><span class='ocrx_word' id='word_1_233' title='bbox 172 2738 232 2801; x_wconf 81' lang='lat' dir='ltr'>Ego</span> <span class='ocrx_word' id='word_1_234' title='bbox 250 2750 308 2784; x_wconf 90' lang='lat' dir='ltr'>sum</span> <span class='ocrx_word' id='word_1_235' title='bbox 328 2748 413 2797; x_wconf 81' lang='lat' dir='ltr'>genus</span> <span class='ocrx_word' id='word_1_236' title='bbox 432 2737 461 2780; x_wconf 83' lang='lat' dir='ltr'>ct</span> <span class='ocrx_word' id='word_1_237' title='bbox 479 2732 557 2780; x_wconf 83' lang='lat' dir='ltr'>radix</span> <span class='ocrx_word' id='word_1_238' title='bbox 569 2732 669 2787; x_wconf 78' lang='lat' dir='ltr'>Dauid,</span> <span class='ocrx_word' id='word_1_239' title='bbox 688 2732 771 2780; x_wconf 84' lang='lat' dir='ltr'>stelle</span> <span class='ocrx_word' id='word_1_240' title='bbox 784 2731 929 2796; x_wconf 89' lang='lat' dir='ltr'>splendida</span> <span class='ocrx_word' id='word_1_241' title='bbox 948 2736 977 2782; x_wconf 88' lang='lat' dir='ltr'>et</span> <span class='ocrx_word' id='word_1_242' title='bbox 994 2732 1139 2790; x_wconf 83' lang='lat' dir='ltr'>matutina,</span> <span class='ocrx_word' id='word_1_243' title='bbox 1159 2731 1316 2781; x_wconf 88' lang='lat' dir='ltr'>etiterum:</span> 
     </span>
     <span class='ocr_line' id='line_1_28' title="bbox 172 2798 1317 2865; baseline -0.001 -16"><span class='ocrx_word' id='word_1_244' title='bbox 172 2804 226 2864; x_wconf 77' lang='lat' dir='ltr'>Qui</span> <span class='ocrx_word' id='word_1_245' title='bbox 243 2803 352 2859; x_wconf 83' lang='lat' dir='ltr'>uincet,</span> <span class='ocrx_word' id='word_1_246' title='bbox 380 2799 452 2847; x_wconf 88' lang='lat' dir='ltr'>daho</span> <span class='ocrx_word' id='word_1_247' title='bbox 471 2798 512 2847; x_wconf 93' lang='lat' dir='ltr'>illi</span> <span class='ocrx_word' id='word_1_248' title='bbox 531 2799 641 2848; x_wconf 89' lang='lat' dir='ltr'>stellam</span> <span class='ocrx_word' id='word_1_249' title='bbox 660 2801 832 2848; x_wconf 86' lang='lat' dir='ltr'>matutinam.</span> <span class='ocrx_word' id='word_1_250' title='bbox 875 2815 939 2865; x_wconf 87' lang='lat' dir='ltr'>pars</span> <span class='ocrx_word' id='word_1_251' title='bbox 964 2805 1054 2848; x_wconf 84' lang='lat' dir='ltr'>auteur</span> <span class='ocrx_word' id='word_1_252' title='bbox 1079 2799 1190 2848; x_wconf 87' lang='lat' dir='ltr'>luciferi</span> <span class='ocrx_word' id='word_1_253' title='bbox 1218 2799 1317 2849; x_wconf 89' lang='lat' dir='ltr'>diabo-</span> 
     </span>
     <span class='ocr_line' id='line_1_29' title="bbox 173 2866 1318 2931; baseline -0.001 -13"><span class='ocrx_word' id='word_1_254' title='bbox 173 2871 214 2918; x_wconf 91' lang='lat' dir='ltr'>lus</span> <span class='ocrx_word' id='word_1_255' title='bbox 233 2884 293 2918; x_wconf 88' lang='lat' dir='ltr'>esse</span> <span class='ocrx_word' id='word_1_256' title='bbox 313 2867 493 2930; x_wconf 75' lang='lat' dir='ltr'>dignoscitur,</span> <span class='ocrx_word' id='word_1_257' title='bbox 512 2867 544 2915; x_wconf 93' lang='lat' dir='ltr'>de</span> <span class='ocrx_word' id='word_1_258' title='bbox 564 2881 616 2930; x_wconf 84' lang='lat' dir='ltr'>qno</span> <span class='ocrx_word' id='word_1_259' title='bbox 635 2867 766 2931; x_wconf 87' lang='lat' dir='ltr'>seriptum</span> <span class='ocrx_word' id='word_1_260' title='bbox 786 2873 842 2916; x_wconf 86' lang='lat' dir='ltr'>ost:</span> <span class='ocrx_word' id='word_1_261' title='bbox 867 2867 1007 2928; x_wconf 71' lang='lat' dir='ltr'>Quomodo</span> <span class='ocrx_word' id='word_1_262' title='bbox 1032 2867 1160 2916; x_wconf 87' lang='lat' dir='ltr'>cecidisti</span> <span class='ocrx_word' id='word_1_263' title='bbox 1183 2867 1217 2916; x_wconf 90' lang='lat' dir='ltr'>de</span> <span class='ocrx_word' id='word_1_264' title='bbox 1236 2866 1318 2917; x_wconf 86' lang='lat' dir='ltr'>caelo</span> 
     </span>
     <span class='ocr_line' id='line_1_30' title="bbox 172 2933 1318 3000; baseline -0.002 -14"><span class='ocrx_word' id='word_1_265' title='bbox 172 2938 286 2991; x_wconf 81' lang='lat' dir='ltr'>lucifer,</span> <span class='ocrx_word' id='word_1_266' title='bbox 306 2936 352 2998; x_wconf 90' lang='lat' dir='ltr'>qui</span> <span class='ocrx_word' id='word_1_267' title='bbox 369 2949 449 2983; x_wconf 81' lang='lat' dir='ltr'>mane</span> <span class='ocrx_word' id='word_1_268' title='bbox 468 2935 623 2983; x_wconf 83' lang='lat' dir='ltr'>oriebaris?</span> <span class='ocrx_word' id='word_1_269' title='bbox 655 2935 700 2998; x_wconf 88' lang='lat' dir='ltr'>qui</span> <span class='ocrx_word' id='word_1_270' title='bbox 720 2936 804 2983; x_wconf 93' lang='lat' dir='ltr'>etiam</span> <span class='ocrx_word' id='word_1_271' title='bbox 824 2936 851 2983; x_wconf 93' lang='lat' dir='ltr'>iu</span> <span class='ocrx_word' id='word_1_272' title='bbox 871 2935 951 2984; x_wconf 87' lang='lat' dir='ltr'>caelo</span> <span class='ocrx_word' id='word_1_273' title='bbox 970 2950 1052 3000; x_wconf 89' lang='lat' dir='ltr'>snper</span> <span class='ocrx_word' id='word_1_274' title='bbox 1070 2933 1168 2983; x_wconf 84' lang='lat' dir='ltr'>stellas</span> <span class='ocrx_word' id='word_1_275' title='bbox 1181 2935 1226 2983; x_wconf 92' lang='lat' dir='ltr'>dei</span> <span class='ocrx_word' id='word_1_276' title='bbox 1247 2935 1318 2984; x_wconf 88' lang='lat' dir='ltr'>dicit</span> 
     </span>
     <span class='ocr_line' id='line_1_31' title="bbox 173 3001 1319 3067; baseline -0.001 -15"><span class='ocrx_word' id='word_1_277' title='bbox 173 3020 203 3052; x_wconf 86' lang='lat' dir='ltr'>se</span> <span class='ocrx_word' id='word_1_278' title='bbox 227 3003 320 3052; x_wconf 82' lang='lat' dir='ltr'>sedem</span> <span class='ocrx_word' id='word_1_279' title='bbox 343 3003 494 3066; x_wconf 89' lang='lat' dir='ltr'>positurum</span> <span class='ocrx_word' id='word_1_280' title='bbox 524 3007 552 3049; x_wconf 91' lang='lat' dir='ltr'>et</span> <span class='ocrx_word' id='word_1_281' title='bbox 580 3001 682 3050; x_wconf 86' lang='lat' dir='ltr'>cadens</span> <span class='ocrx_word' id='word_1_282' title='bbox 707 3002 740 3051; x_wconf 89' lang='lat' dir='ltr'>de</span> <span class='ocrx_word' id='word_1_283' title='bbox 770 3001 849 3051; x_wconf 86' lang='lat' dir='ltr'>caelo</span> <span class='ocrx_word' id='word_1_284' title='bbox 874 3003 1065 3067; x_wconf 80' lang='lat' dir='ltr'>confringitur.</span> <span class='ocrx_word' id='word_1_285' title='bbox 1111 3001 1250 3067; x_wconf 77' lang='lat' dir='ltr'>vesperus</span> <span class='ocrx_word' id='word_1_286' title='bbox 1275 3006 1319 3052; x_wconf 83' lang='lat' dir='ltr'>est</span> 
     </span>
     <span class='ocr_line' id='line_1_32' title="bbox 173 3069 1319 3134; baseline -0.002 -14"><span class='ocrx_word' id='word_1_287' title='bbox 173 3071 256 3121; x_wconf 87' lang='lat' dir='ltr'>stella</span> <span class='ocrx_word' id='word_1_288' title='bbox 280 3069 463 3119; x_wconf 87' lang='lat' dir='ltr'>occidentalis</span> <span class='ocrx_word' id='word_1_289' title='bbox 486 3075 596 3118; x_wconf 89' lang='lat' dir='ltr'>noctem</span> <span class='ocrx_word' id='word_1_290' title='bbox 620 3069 730 3118; x_wconf 85' lang='lat' dir='ltr'>ducens.</span> <span class='ocrx_word' id='word_1_291' title='bbox 772 3069 818 3118; x_wconf 91' lang='lat' dir='ltr'>hic</span> <span class='ocrx_word' id='word_1_292' title='bbox 837 3069 922 3119; x_wconf 86' lang='lat' dir='ltr'>solem</span> <span class='ocrx_word' id='word_1_293' title='bbox 945 3069 1118 3120; x_wconf 87' lang='lat' dir='ltr'>occidentem</span> <span class='ocrx_word' id='word_1_294' title='bbox 1141 3070 1267 3134; x_wconf 89' lang='lat' dir='ltr'>sequitur</span> <span class='ocrx_word' id='word_1_295' title='bbox 1289 3075 1319 3120; x_wconf 89' lang='lat' dir='ltr'>et</span> 
     </span>
     <span class='ocr_line' id='line_1_33' title="bbox 173 3136 1317 3202; baseline 0 -16"><span class='ocrx_word' id='word_1_296' title='bbox 173 3139 302 3188; x_wconf 88' lang='lat' dir='ltr'>tenebras</span> <span class='ocrx_word' id='word_1_297' title='bbox 325 3137 505 3186; x_wconf 83' lang='lat' dir='ltr'>succedentes</span> <span class='ocrx_word' id='word_1_298' title='bbox 528 3136 680 3200; x_wconf 88' lang='lat' dir='ltr'>praecedit.</span> <span class='ocrx_word' id='word_1_299' title='bbox 723 3138 800 3186; x_wconf 87' lang='lat' dir='ltr'>cuins</span> <span class='ocrx_word' id='word_1_300' title='bbox 830 3137 917 3202; x_wconf 84' lang='lat' dir='ltr'>figura</span> <span class='ocrx_word' id='word_1_301' title='bbox 941 3137 1099 3187; x_wconf 88' lang='lat' dir='ltr'>antichristi</span> <span class='ocrx_word' id='word_1_302' title='bbox 1123 3137 1254 3202; x_wconf 88' lang='lat' dir='ltr'>exprimit</span> <span class='ocrx_word' id='word_1_303' title='bbox 1276 3142 1317 3200; x_wconf 85' lang='lat' dir='ltr'>ty·</span> 
     </span>
     <span class='ocr_line' id='line_1_34' title="bbox 173 3204 1319 3271; baseline -0.001 -17"><span class='ocrx_word' id='word_1_304' title='bbox 173 3221 244 3271; x_wconf 88' lang='lat' dir='ltr'>pum,</span> <span class='ocrx_word' id='word_1_305' title='bbox 264 3206 310 3268; x_wconf 92' lang='lat' dir='ltr'>qui</span> <span class='ocrx_word' id='word_1_306' title='bbox 328 3209 467 3268; x_wconf 85' lang='lat' dir='ltr'>tamquam</span> <span class='ocrx_word' id='word_1_307' title='bbox 484 3219 584 3269; x_wconf 89' lang='lat' dir='ltr'>uesper</span> <span class='ocrx_word' id='word_1_308' title='bbox 607 3209 637 3253; x_wconf 91' lang='lat' dir='ltr'>ut</span> <span class='ocrx_word' id='word_1_309' title='bbox 661 3205 701 3253; x_wconf 88' lang='lat' dir='ltr'>ait</span> <span class='ocrx_word' id='word_1_310' title='bbox 719 3205 769 3254; x_wconf 90' lang='lat' dir='ltr'>lob</span> <span class='ocrx_word' id='word_1_311' title='bbox 792 3220 874 3270; x_wconf 90' lang='lat' dir='ltr'>super</span> <span class='ocrx_word' id='word_1_312' title='bbox 896 3204 969 3255; x_wconf 87' lang='lat' dir='ltr'>filios</span> <span class='ocrx_word' id='word_1_313' title='bbox 991 3209 1082 3254; x_wconf 87' lang='lat' dir='ltr'>terrae</span> <span class='ocrx_word' id='word_1_314' title='bbox 1107 3204 1264 3269; x_wconf 81' lang='lat' dir='ltr'>consurgit,</span> <span class='ocrx_word' id='word_1_315' title='bbox 1288 3209 1319 3254; x_wconf 94' lang='lat' dir='ltr'>ut</span> 
     </span>
     <span class='ocr_line' id='line_1_35' title="bbox 175 3270 1318 3337; baseline 0 -14"><span class='ocrx_word' id='word_1_316' title='bbox 175 3288 277 3323; x_wconf 87' lang='lat' dir='ltr'>caecae</span> <span class='ocrx_word' id='word_1_317' title='bbox 296 3272 386 3323; x_wconf 91' lang='lat' dir='ltr'>noctis</span> <span class='ocrx_word' id='word_1_318' title='bbox 404 3287 535 3321; x_wconf 87' lang='lat' dir='ltr'>successu</span> <span class='ocrx_word' id='word_1_319' title='bbox 555 3272 707 3322; x_wconf 84' lang='lat' dir='ltr'>camaliam</span> <span class='ocrx_word' id='word_1_320' title='bbox 721 3271 805 3322; x_wconf 87' lang='lat' dir='ltr'>corda</span> <span class='ocrx_word' id='word_1_321' title='bbox 818 3270 947 3333; x_wconf 59' lang='lat' dir='ltr'>offuscem</span> <span class='ocrx_word' id='word_1_322' title='bbox 967 3273 1037 3337; x_wconf 92' lang='lat' dir='ltr'>quod</span> <span class='ocrx_word' id='word_1_323' title='bbox 1050 3272 1112 3321; x_wconf 89' lang='lat' dir='ltr'>ideo</span> <span class='ocrx_word' id='word_1_324' title='bbox 1132 3277 1246 3321; x_wconf 89' lang='lat' dir='ltr'>auctore</span> <span class='ocrx_word' id='word_1_325' title='bbox 1265 3271 1318 3323; x_wconf 88' lang='lat' dir='ltr'>deo</span> 
     </span>
     <span class='ocr_line' id='line_1_36' title="bbox 173 3337 1317 3405; baseline -0.002 -14"><span class='ocrx_word' id='word_1_326' title='bbox 173 3341 217 3402; x_wconf 89' lang='lat' dir='ltr'>fit,</span> <span class='ocrx_word' id='word_1_327' title='bbox 248 3341 312 3405; x_wconf 90' lang='lat' dir='ltr'>quia</span> <span class='ocrx_word' id='word_1_328' title='bbox 340 3356 388 3404; x_wconf 89' lang='lat' dir='ltr'>pro</span> <span class='ocrx_word' id='word_1_329' title='bbox 418 3337 585 3389; x_wconf 86' lang='lat' dir='ltr'>infidelitate</span> <span class='ocrx_word' id='word_1_330' title='bbox 609 3340 792 3404; x_wconf 89' lang='lat' dir='ltr'>praecedenti</span> <span class='ocrx_word' id='word_1_331' title='bbox 819 3355 874 3405; x_wconf 89' lang='lat' dir='ltr'>qua</span> <span class='ocrx_word' id='word_1_332' title='bbox 896 3346 1044 3390; x_wconf 90' lang='lat' dir='ltr'>renuerunt</span> <span class='ocrx_word' id='word_1_333' title='bbox 1067 3339 1179 3389; x_wconf 86' lang='lat' dir='ltr'>Christo</span> <span class='ocrx_word' id='word_1_334' title='bbox 1202 3340 1317 3390; x_wconf 89' lang='lat' dir='ltr'>eredere</span> 
     </span>
     <span class='ocr_line' id='line_1_37' title="bbox 175 3407 1318 3473; baseline -0.001 -16"><span class='ocrx_word' id='word_1_335' title='bbox 175 3407 367 3457; x_wconf 86' lang='lat' dir='ltr'>antichristum</span> <span class='ocrx_word' id='word_1_336' title='bbox 398 3408 542 3473; x_wconf 88' lang='lat' dir='ltr'>succipere</span> <span class='ocrx_word' id='word_1_337' title='bbox 566 3411 730 3457; x_wconf 86' lang='lat' dir='ltr'>meruerunt.</span> <span class='ocrx_word' id='word_1_338' title='bbox 768 3411 973 3457; x_wconf 90' lang='lat' dir='ltr'>cometes</span> <span class='ocrx_word' id='word_1_339' title='bbox 998 3422 1150 3473; x_wconf 87' lang='lat' dir='ltr'>surgere.</span> <span class='ocrx_word' id='word_1_340' title='bbox 1187 3407 1225 3458; x_wconf 86' lang='lat' dir='ltr'>de</span> <span class='ocrx_word' id='word_1_341' title='bbox 1255 3423 1318 3472; x_wconf 89' lang='lat' dir='ltr'>quo</span> 
     </span>
     <span class='ocr_line' id='line_1_38' title="bbox 174 3474 1318 3541; baseline 0.001 -17"><span class='ocrx_word' id='word_1_342' title='bbox 174 3476 339 3525; x_wconf 86' lang='lat' dir='ltr'>Prudentius</span> <span class='ocrx_word' id='word_1_343' title='bbox 359 3475 412 3524; x_wconf 87' lang='lat' dir='ltr'>ait:</span> <span class='ocrx_word' id='word_1_344' title='bbox 437 3475 537 3524; x_wconf 85' lang='lat' dir='ltr'>Tristis</span> <span class='ocrx_word' id='word_1_345' title='bbox 556 3481 664 3525; x_wconf 87' lang='lat' dir='ltr'>cometa</span> <span class='ocrx_word' id='word_1_346' title='bbox 683 3475 841 3524; x_wconf 85' lang='lat' dir='ltr'>intercidat.</span> <span class='ocrx_word' id='word_1_347' title='bbox 879 3481 907 3526; x_wconf 89' lang='lat' dir='ltr'>et</span> <span class='ocrx_word' id='word_1_348' title='bbox 924 3478 1084 3527; x_wconf 89' lang='lat' dir='ltr'>Lucanus</span> <span class='ocrx_word' id='word_1_349' title='bbox 1161 3474 1318 3541; x_wconf 62' lang='lat' dir='ltr'>tempus)</span> 
     </span>
     <span class='ocr_line' id='line_1_39' title="bbox 173 3542 1317 3609; baseline 0.002 -18"><span class='ocrx_word' id='word_1_350' title='bbox 173 3543 301 3607; x_wconf 84' lang='lat' dir='ltr'>Hyginus</span> <span class='ocrx_word' id='word_1_351' title='bbox 319 3543 349 3591; x_wconf 92' lang='lat' dir='ltr'>P.</span> <span class='ocrx_word' id='word_1_352' title='bbox 369 3542 400 3591; x_wconf 79' lang='grc' dir='ltr'>Α.</span> <span class='ocrx_word' id='word_1_353' title='bbox 420 3543 496 3592; x_wconf 80' lang='lat'>112:</span> <span class='ocrx_word' id='word_1_354' title='bbox 517 3543 662 3607; x_wconf 83' lang='lat' dir='ltr'>‘Vtrasque</span> <span class='ocrx_word' id='word_1_355' title='bbox 682 3549 774 3593; x_wconf 86' lang='lat' dir='ltr'>arctos</span> <span class='ocrx_word' id='word_1_356' title='bbox 793 3543 951 3608; x_wconf 86' lang='lat' dir='ltr'>appellatas</span> <span class='ocrx_word' id='word_1_357' title='bbox 968 3559 1043 3604; x_wconf 89' lang='lat' dir='ltr'>esse,</span> <span class='ocrx_word' id='word_1_358' title='bbox 1063 3559 1130 3607; x_wconf 88' lang='lat' dir='ltr'>quas</span> <span class='ocrx_word' id='word_1_359' title='bbox 1149 3544 1236 3592; x_wconf 88' lang='lat' dir='ltr'>nostri</span> <span class='ocrx_word' id='word_1_360' title='bbox 1256 3559 1317 3609; x_wconf 90' lang='lat' dir='ltr'>sep-</span> 
     </span>
     <span class='ocr_line' id='line_1_40' title="bbox 174 3610 1318 3677; baseline 0 -17"><span class='ocrx_word' id='word_1_361' title='bbox 174 3613 327 3661; x_wconf 86' lang='lat' dir='ltr'>tentriones</span> <span class='ocrx_word' id='word_1_362' title='bbox 351 3611 490 3659; x_wconf 85' lang='lat' dir='ltr'>dixerunt:</span> <span class='ocrx_word' id='word_1_363' title='bbox 520 3610 569 3659; x_wconf 94' lang='lat' dir='ltr'>scd</span> <span class='ocrx_word' id='word_1_364' title='bbox 597 3611 728 3659; x_wconf 87' lang='lat' dir='ltr'>maiorem</span> <span class='ocrx_word' id='word_1_365' title='bbox 753 3616 848 3660; x_wconf 87' lang='lat' dir='ltr'>arcton</span> <span class='ocrx_word' id='word_1_366' title='bbox 873 3612 1027 3677; x_wconf 85' lang='lat' dir='ltr'>complures</span> <span class='ocrx_word' id='word_1_367' title='bbox 1051 3611 1175 3675; x_wconf 87' lang='lat' dir='ltr'>plaustro</span> <span class='ocrx_word' id='word_1_368' title='bbox 1198 3610 1318 3660; x_wconf 88' lang='lat' dir='ltr'>similem</span> 
     </span>
     <span class='ocr_line' id='line_1_41' title="bbox 174 3665 1318 3745; baseline 0.001 -17"><span class='ocrx_word' id='word_1_369' title='bbox 174 3680 313 3739; x_wconf 72' lang='lat' dir='ltr'>dixerunt,</span> <span class='ocrx_word' id='word_1_370' title='bbox 339 3685 367 3727; x_wconf 91' lang='lat' dir='ltr'>et</span> <span class='ocrx_word' id='word_1_371' title='bbox 390 3665 507 3744; x_wconf 71' lang='grc' dir='ltr'><strong><em>ἅμαξαν</em></strong></span> <span class='ocrx_word' id='word_1_372' title='bbox 530 3677 631 3727; x_wconf 87' lang='lat' dir='ltr'>Graeci</span> <span class='ocrx_word' id='word_1_373' title='bbox 655 3679 868 3743; x_wconf 87' lang='lat' dir='ltr'>appellauerunt</span> <span class='ocrx_word' id='word_1_374' title='bbox 891 3715 1048 3729; x_wconf 88' lang='lat'>........</span> <span class='ocrx_word' id='word_1_375' title='bbox 1074 3679 1169 3743; x_wconf 84' lang='lat' dir='ltr'>itaque</span> <span class='ocrx_word' id='word_1_376' title='bbox 1194 3684 1223 3728; x_wconf 91' lang='lat' dir='ltr'>ct</span> <span class='ocrx_word' id='word_1_377' title='bbox 1245 3680 1318 3745; x_wconf 88' lang='lat' dir='ltr'>quod</span> 
     </span>
    </p>
   </div>
   <div class='ocr_carea' id='block_1_4' title="bbox 101 3859 1319 4450">
    <p class='ocr_par' dir='ltr' id='par_1_4' title="bbox 101 3859 1319 4450">
     <span class='ocr_line' id='line_1_42' title="bbox 262 3859 1319 3947; baseline 0.003 -24"><span class='ocrx_word' id='word_1_378' title='bbox 262 3877 272 3926; x_wconf 87' lang='lat' dir='ltr'>l</span> <span class='ocrx_word' id='word_1_379' title='bbox 288 3864 378 3923; x_wconf 82' lang='lat' dir='ltr'>uelox</span> <span class='ocrx_word' id='word_1_380' title='bbox 386 3862 438 3921; x_wconf 91' lang='lat' dir='ltr'>ubi</span> <span class='ocrx_word' id='word_1_381' title='bbox 451 3872 558 3924; x_wconf 89' lang='lat' dir='ltr'>exorta</span> <span class='ocrx_word' id='word_1_382' title='bbox 567 3864 658 3924; x_wconf 90' lang='lat' dir='ltr'>fuerit</span> <span class='ocrx_word' id='word_1_383' title='bbox 670 3874 760 3924; x_wconf 88' lang='lat' dir='ltr'>noete</span> <span class='ocrx_word' id='word_1_384' title='bbox 773 3868 801 3923; x_wconf 87' lang='lat' dir='ltr'><em>B</em></span> <span class='ocrx_word' id='word_1_385' title='bbox 815 3861 828 3947; x_wconf 97' lang='grc' dir='ltr'>Η</span> <span class='ocrx_word' id='word_1_386' title='bbox 843 3865 949 3925; x_wconf 90' lang='lat' dir='ltr'>boetes</span> <span class='ocrx_word' id='word_1_387' title='bbox 963 3866 1040 3923; x_wconf 83' lang='lat' dir='ltr'>BCD</span> <span class='ocrx_word' id='word_1_388' title='bbox 1054 3859 1067 3946; x_wconf 96' lang='grc' dir='ltr'>Η</span> <span class='ocrx_word' id='word_1_389' title='bbox 1084 3865 1196 3925; x_wconf 67' lang='lat' dir='ltr'>teudi</span> <span class='ocrx_word' id='word_1_390' title='bbox 1207 3861 1218 3946; x_wconf 86' lang='grc' dir='ltr'>Η</span> <span class='ocrx_word' id='word_1_391' title='bbox 1232 3868 1319 3929; x_wconf 71' lang='lat' dir='ltr'>aetia</span> 
     </span>
     <span class='ocr_line' id='line_1_43' title="bbox 101 3945 1316 4032; baseline 0 -23"><span class='ocrx_word' id='word_1_392' title='bbox 101 3993 105 3999; x_wconf 65' lang='lat'>,</span> <span class='ocrx_word' id='word_1_393' title='bbox 175 3955 202 4009; x_wconf 88' lang='lat' dir='ltr'><em>B</em></span> <span class='ocrx_word' id='word_1_394' title='bbox 224 3946 236 4032; x_wconf 99' lang='grc' dir='ltr'>Η</span> <span class='ocrx_word' id='word_1_395' title='bbox 257 3949 424 4029; x_wconf 85' lang='lat' dir='ltr'>apellamus</span> <span class='ocrx_word' id='word_1_396' title='bbox 443 3952 468 4006; x_wconf 90' lang='lat' dir='ltr'><em>B</em></span> <span class='ocrx_word' id='word_1_397' title='bbox 488 3946 501 4028; x_wconf 94' lang='grc' dir='ltr'>Η</span> <span class='ocrx_word' id='word_1_398' title='bbox 521 3959 539 4010; x_wconf 79' lang='lat'>4</span> <span class='ocrx_word' id='word_1_399' title='bbox 557 3951 646 4028; x_wconf 79' lang='lat' dir='ltr'>*ipse</span> <span class='ocrx_word' id='word_1_400' title='bbox 662 3953 689 4007; x_wconf 89' lang='lat' dir='ltr'><em>B</em></span> <span class='ocrx_word' id='word_1_401' title='bbox 703 3945 717 4031; x_wconf 97' lang='grc' dir='ltr'>Η</span> <span class='ocrx_word' id='word_1_402' title='bbox 733 3963 749 4012; x_wconf 80' lang='lat'>5</span> <span class='ocrx_word' id='word_1_403' title='bbox 764 3951 822 4009; x_wconf 89' lang='lat' dir='ltr'>hae</span> <span class='ocrx_word' id='word_1_404' title='bbox 846 3947 884 4008; x_wconf 73' lang='lat'>13²</span> <span class='ocrx_word' id='word_1_405' title='bbox 901 3945 914 4030; x_wconf 97' lang='grc' dir='ltr'>Η</span> <span class='ocrx_word' id='word_1_406' title='bbox 929 3960 945 4013; x_wconf 89' lang='grc'><strong>6</strong></span> <span class='ocrx_word' id='word_1_407' title='bbox 963 3951 1228 4030; x_wconf 88' lang='lat' dir='ltr'>appropinquante</span> <span class='ocrx_word' id='word_1_408' title='bbox 1245 3948 1285 4009; x_wconf 76' lang='lat' dir='ltr'>Bt</span> <span class='ocrx_word' id='word_1_409' title='bbox 1302 3947 1316 4032; x_wconf 96' lang='grc' dir='ltr'>Η</span> 
     </span>
     <span class='ocr_line' id='line_1_44' title="bbox 174 4026 1318 4117; baseline 0.002 -24"><span class='ocrx_word' id='word_1_410' title='bbox 174 4036 314 4094; x_wconf 69' lang='lat' dir='ltr'>stellarii«</span> <span class='ocrx_word' id='word_1_411' title='bbox 328 4037 353 4090; x_wconf 90' lang='lat' dir='ltr'><em>B</em></span> <span class='ocrx_word' id='word_1_412' title='bbox 368 4027 381 4113; x_wconf 97' lang='grc' dir='ltr'>Η</span> <span class='ocrx_word' id='word_1_413' title='bbox 396 4040 411 4093; x_wconf 80' lang='grc'>7</span> <span class='ocrx_word' id='word_1_414' title='bbox 429 4054 466 4091; x_wconf 84' lang='lat' dir='ltr'>ax</span> <span class='ocrx_word' id='word_1_415' title='bbox 482 4029 533 4116; x_wconf 82' lang='grc' dir='ltr'>ΒΗ</span> <span class='ocrx_word' id='word_1_416' title='bbox 549 4035 692 4112; x_wconf 88' lang='lat' dir='ltr'>pluritate</span> <span class='ocrx_word' id='word_1_417' title='bbox 708 4038 757 4094; x_wconf 76' lang='lat'>01)</span> <span class='ocrx_word' id='word_1_418' title='bbox 772 4031 785 4117; x_wconf 95' lang='grc' dir='ltr'>Η</span> <span class='ocrx_word' id='word_1_419' title='bbox 799 4037 1001 4114; x_wconf 84' lang='lat' dir='ltr'>8plnritatem</span> <span class='ocrx_word' id='word_1_420' title='bbox 1015 4037 1042 4092; x_wconf 87' lang='lat' dir='ltr'><em>D</em></span> <span class='ocrx_word' id='word_1_421' title='bbox 1066 4026 1144 4114; x_wconf 79' lang='grc' dir='ltr'>Ηᾶπὸ</span> <span class='ocrx_word' id='word_1_422' title='bbox 1156 4034 1210 4093; x_wconf 80' lang='grc' dir='ltr'>τοῦ</span> <span class='ocrx_word' id='word_1_423' title='bbox 1219 4035 1318 4095; x_wconf 79' lang='grc' dir='ltr'><strong><em>πλείσ-</em></strong></span> 
     </span>
     <span class='ocr_line' id='line_1_45' title="bbox 174 4117 1319 4199; baseline 0.004 -23"><span class='ocrx_word' id='word_1_424' title='bbox 174 4138 227 4176; x_wconf 85' lang='grc' dir='ltr'>του</span> <span class='ocrx_word' id='word_1_425' title='bbox 252 4120 415 4177; x_wconf 79' lang='lat' dir='ltr'>Beclrcrus:</span> <span class='ocrx_word' id='word_1_426' title='bbox 439 4120 541 4196; x_wconf 88' lang='lat' dir='ltr'>aploto</span> <span class='ocrx_word' id='word_1_427' title='bbox 562 4119 683 4198; x_wconf 84' lang='lat' dir='ltr'>pistlrou</span> <span class='ocrx_word' id='word_1_428' title='bbox 702 4125 728 4176; x_wconf 84' lang='lat' dir='ltr'><em>B</em></span> <span class='ocrx_word' id='word_1_429' title='bbox 743 4121 949 4199; x_wconf 72' lang='lat' dir='ltr'>aprotopliston</span> <span class='ocrx_word' id='word_1_430' title='bbox 966 4123 1043 4178; x_wconf 83' lang='lat' dir='ltr'>CDE</span> <span class='ocrx_word' id='word_1_431' title='bbox 1064 4117 1274 4199; x_wconf 76' lang='lat' dir='ltr'>llluirgilisas</span> <span class='ocrx_word' id='word_1_432' title='bbox 1294 4125 1319 4180; x_wconf 88' lang='lat' dir='ltr'><em>B</em></span> 
     </span>
     <span class='ocr_line' id='line_1_46' title="bbox 177 4198 1317 4287; baseline 0 -25"><span class='ocrx_word' id='word_1_433' title='bbox 177 4201 189 4284; x_wconf 81' lang='grc' dir='ltr'>Η</span> <span class='ocrx_word' id='word_1_434' title='bbox 207 4205 380 4262; x_wconf 85' lang='lat' dir='ltr'>exoriantur</span> <span class='ocrx_word' id='word_1_435' title='bbox 390 4198 429 4259; x_wconf 73' lang='lat'>13²</span> <span class='ocrx_word' id='word_1_436' title='bbox 445 4198 458 4282; x_wconf 95' lang='grc' dir='ltr'>Η</span> <span class='ocrx_word' id='word_1_437' title='bbox 475 4215 508 4264; x_wconf 83' lang='lat'>10</span> <span class='ocrx_word' id='word_1_438' title='bbox 519 4206 614 4261; x_wconf 88' lang='lat' dir='ltr'>maius</span> <span class='ocrx_word' id='word_1_439' title='bbox 627 4207 682 4261; x_wconf 81' lang='lat' dir='ltr'>BE</span> <span class='ocrx_word' id='word_1_440' title='bbox 696 4200 708 4285; x_wconf 97' lang='grc' dir='ltr'>Η</span> <span class='ocrx_word' id='word_1_441' title='bbox 725 4225 743 4262; x_wconf 87' lang='lat' dir='ltr'>a</span> <span class='ocrx_word' id='word_1_442' title='bbox 757 4225 811 4266; x_wconf 78' lang='lat' dir='ltr'>eur.</span> <span class='ocrx_word' id='word_1_443' title='bbox 830 4211 853 4264; x_wconf 84' lang='lat' dir='ltr'><em>B</em></span> <span class='ocrx_word' id='word_1_444' title='bbox 869 4201 881 4287; x_wconf 97' lang='grc' dir='ltr'>Η</span> <span class='ocrx_word' id='word_1_445' title='bbox 898 4204 1042 4263; x_wconf 67' lang='lat' dir='ltr'>*secteris</span> <span class='ocrx_word' id='word_1_446' title='bbox 1055 4209 1081 4262; x_wconf 89' lang='lat' dir='ltr'><em>B</em></span> <span class='ocrx_word' id='word_1_447' title='bbox 1095 4201 1108 4286; x_wconf 96' lang='grc' dir='ltr'>Η</span> <span class='ocrx_word' id='word_1_448' title='bbox 1123 4227 1184 4286; x_wconf 93' lang='lat' dir='ltr'>quo</span> <span class='ocrx_word' id='word_1_449' title='bbox 1202 4204 1240 4262; x_wconf 78' lang='grc' dir='ltr'>ΒΙ</span> <span class='ocrx_word' id='word_1_450' title='bbox 1258 4202 1271 4287; x_wconf 95' lang='grc' dir='ltr'>Η</span> <span class='ocrx_word' id='word_1_451' title='bbox 1290 4217 1317 4269; x_wconf 84' lang='grc' dir='ltr'>Ιι</span> 
     </span>
     <span class='ocr_line' id='line_1_47' title="bbox 176 4283 1319 4372; baseline 0.005 -27"><span class='ocrx_word' id='word_1_452' title='bbox 176 4299 206 4346; x_wconf 85' lang='lat' dir='ltr'>et</span> <span class='ocrx_word' id='word_1_453' title='bbox 222 4309 274 4346; x_wconf 85' lang='lat' dir='ltr'>om.</span> <span class='ocrx_word' id='word_1_454' title='bbox 295 4290 372 4345; x_wconf 64' lang='grc' dir='ltr'>ΗΒΕ</span> <span class='ocrx_word' id='word_1_455' title='bbox 384 4283 397 4368; x_wconf 97' lang='grc' dir='ltr'>Η</span> <span class='ocrx_word' id='word_1_456' title='bbox 414 4287 621 4346; x_wconf 89' lang='lat' dir='ltr'>occidentibus</span> <span class='ocrx_word' id='word_1_457' title='bbox 637 4307 710 4348; x_wconf 91' lang='lat' dir='ltr'>uero</span> <span class='ocrx_word' id='word_1_458' title='bbox 723 4292 800 4348; x_wconf 83' lang='lat' dir='ltr'>CDE</span> <span class='ocrx_word' id='word_1_459' title='bbox 814 4288 827 4372; x_wconf 96' lang='grc' dir='ltr'>Η</span> <span class='ocrx_word' id='word_1_460' title='bbox 845 4300 877 4351; x_wconf 76' lang='lat' dir='ltr'>lt</span> <span class='ocrx_word' id='word_1_461' title='bbox 893 4290 950 4366; x_wconf 87' lang='lat' dir='ltr'>est]</span> <span class='ocrx_word' id='word_1_462' title='bbox 963 4308 1037 4364; x_wconf 82' lang='lat' dir='ltr'>quoe</span> <span class='ocrx_word' id='word_1_463' title='bbox 1048 4293 1095 4347; x_wconf 72' lang='lat' dir='ltr'>laio</span> <span class='ocrx_word' id='word_1_464' title='bbox 1109 4295 1319 4351; x_wconf 77' lang='lat' dir='ltr'>interciderunt</span> 
     </span>
     <span class='ocr_line' id='line_1_48' title="bbox 175 4376 914 4450; baseline 0.003 -20"><span class='ocrx_word' id='word_1_465' title='bbox 175 4382 251 4430; x_wconf 73' lang='lat' dir='ltr'>reric</span> <span class='ocrx_word' id='word_1_466' title='bbox 272 4377 399 4431; x_wconf 79' lang='lat' dir='ltr'>Grialr&#39;ns</span> <span class='ocrx_word' id='word_1_467' title='bbox 415 4391 454 4430; x_wconf 78' lang='lat' dir='ltr'>ex</span> <span class='ocrx_word' id='word_1_468' title='bbox 468 4377 557 4432; x_wconf 79' lang='lat' dir='ltr'>schol.</span> <span class='ocrx_word' id='word_1_469' title='bbox 577 4376 671 4432; x_wconf 83' lang='lat' dir='ltr'>Germ.</span> <span class='ocrx_word' id='word_1_470' title='bbox 688 4378 707 4432; x_wconf 87' lang='lat' dir='ltr'>l.</span> <span class='ocrx_word' id='word_1_471' title='bbox 727 4393 752 4432; x_wconf 90' lang='lat' dir='ltr'>c.</span> <span class='ocrx_word' id='word_1_472' title='bbox 769 4380 914 4450; x_wconf 76' lang='lat' dir='ltr'>sreppleait</span> 
     </span>
    </p>
   </div>
   <div class='ocr_carea' id='block_1_5' title="bbox 0 0 1501 5002">
    <p class='ocr_par' dir='ltr' id='par_1_5' title="bbox 0 0 1501 5002">
     <span class='ocr_line' id='line_1_49' title="bbox 0 0 1501 5002; baseline 0 0"><span class='ocrx_word' id='word_1_473' title='bbox 0 0 1501 5002; x_wconf 95' lang='lat' dir='ltr'> </span> 
     </span>
    </p>
   </div>
  </div>
 </body>
</html>
