2964 5002
163 359 226 420 tes
454 419 459 429 ,
495 370 716 422 ovnssmouss
742 370 966 412 sveroumusn

164 518 320 602 ξανδρεύς,
334 513 464 602 γεγονώς
473 512 521 581 ἐπ’
529 513 691 582 Ἀντωνίου
701 518 752 580 καὶ
759 517 926 598 Κικέρωνος
935 515 990 590 ἕως
1001 507 1180 596 Αὐγούστου
1192 539 1220 577 e.
1233 539 1264 597 q.
1279 538 1303 577 s.

165 606 245 706 quae
273 626 385 705 optime
406 616 461 684 Fr.
488 626 624 684 Ritterus
655 644 685 704 p.
711 633 728 688 3
752 656 793 667 --
819 623 931 682 frustra
954 620 1034 683 enim
1058 619 1234 701 obloquitur
1261 620 1303 678 Μ.

165 727 350 787 Schmidtius
366 727 404 787 do
419 726 622 787 Chalcentero
637 746 666 805 p.
683 735 735 788 too
749 757 790 768 -
805 724 849 785 sic
865 724 1081 802 interpretatus
1100 732 1159 781 est:
1190 727 1307 780 Antonio

159 822 297 887 'haetenus
316 833 489 904 prospectus
508 837 560 895 est,
581 837 611 886 nt
630 829 769 885 Ciceronis
789 830 901 885 conniis
923 836 949 883 et
961 815 1094 885 rationein
1115 827 1308 899 capessendae

164 936 208 989 rei
216 934 344 1006 putetiene
360 933 504 988 sentitiis
520 934 644 1006 spiraret.

250 1031 313 1092 Sex
330 1033 422 1110 igitur
442 1030 512 1090 libri
532 1050 607 1110 quos
628 1029 779 1111 Didymus
799 1029 958 1108 scripsisse
976 1027 1170 1107 perhibetur,
1186 1027 1211 1086 si
1227 1026 1306 1086 haee

165 1137 310 1193 memoria
325 1154 391 1193 cum
410 1132 525 1193 Suidae
540 1131 628 1192 titulo
643 1141 840 1210 conparatur,
858 1138 964 1211 aperte
980 1129 1117 1190 indicant
1131 1129 1305 1208 grammati·

166 1254 234 1295 cum
259 1235 344 1295 illum
363 1234 567 1295 doctissimum
588 1235 621 1293 in
642 1252 698 1293 sex
714 1231 873 1293 Ciceronis
896 1231 935 1290 de
947 1251 981 1292 re
995 1231 1120 1311 publico
1142 1231 1236 1291 libros
1260 1231 1306 1289 in·

167 1345 288 1396 vectum
303 1357 382 1398 esse.
400 1345 492 1419 'quae
514 1345 616 1397 eutem
631 1335 725 1395 fuerit
739 1333 918 1414 Didymiani
939 1332 1009 1394 libri
1024 1343 1133 1394 natura
1155 1344 1187 1394 et
1201 1331 1305 1392 condi·

168 1439 214 1499 cio
226 1458 281 1498 nos
295 1439 438 1516 ignorare
454 1435 614 1499 fatendum
632 1447 692 1510 est,
709 1437 768 1497 nisi
779 1436 861 1516 qnod
876 1436 1053 1497 Ammianus
1066 1456 1132 1504 eum
1148 1434 1189 1495 ad
1201 1433 1306 1494 docta·

166 1560 231 1600 rum
254 1541 369 1600 aurium
391 1539 535 1600 iudicium
559 1548 706 1618 provocet
728 1536 844 1598 iudicat
865 1538 1072 1619 eloquentiam
1096 1537 1257 1599 Ciceronis
1274 1537 1306 1596 in

149 1641 229 1719 ,iltis
249 1641 333 1703 libris
361 1641 410 1701 hio
430 1642 494 1701 illie
520 1641 736 1722 perstrinxisse
761 1637 910 1700 Graecum
934 1641 1174 1720 grammaticum.
1223 1638 1306 1721 quod

167 1745 194 1802 si
208 1743 400 1824 probaveris,
415 1742 646 1805 cum0.1ahnio
662 1739 742 1820 apud
761 1742 954 1803 Ammianum
967 1753 1036 1824 post
1049 1745 1221 1818 inperfecte,
1240 1761 1306 1801 eum

167 1863 222 1903 non
243 1864 391 1921 rrnrnpuem
410 1846 569 1919 imperfecte
587 1838 765 1918 reprehendit
785 1843 938 1904 Ammiani
959 1842 1162 1922 indignationi
1177 1865 1240 1904 non
1258 1865 1306 1905 sa·
1326 1831 1329 1837 Δ

167 1947 206 2005 tis
227 1946 335 2034 iaciat,
357 1944 530 2006 addendum
551 1945 608 2004 erit
621 1940 786 2024 toentnn*).
821 1947 880 2006 iem
897 1965 970 2005 vero
989 1946 1080 2004 etiam
1101 1947 1307 2026 antiquarium

167 2047 296 2128 Didymi
310 2047 421 2108 librum
437 2047 532 2108 fuisse
547 2066 586 2107 ex
602 2045 710 2107 ¹indole
728 2045 923 2108 Ciceroniani
943 2047 1042 2127 operis
1057 2047 1140 2108 haud
1162 2048 1306 2129 inproba·

168 2149 270 2209 biliter
285 2148 483 2210 concluditur.
512 2147 595 2228 quod
611 2159 711 2208 autem
729 2151 908 2211 Ammianus
920 2149 1085 2230 Didymum
1101 2150 1308 2228 sillographos

168 2251 316 2310 imitatum
332 2270 399 2312 esse
415 2251 536 2325 scribit,
551 2260 636 2311 reete
651 2251 899 2312 Wachsmuthius
912 2250 951 2310 de
962 2252 1091 2311 Timone
1106 2270 1136 2330 p.
1152 2260 1189 2316 33
1202 2253 1249 2313 sic
1263 2254 1307 2311 in·

168 2362 351 2432 terpretatur
373 2362 419 2413 ost
442 2363 476 2413 nt
498 2353 698 2434 sillographos
713 2353 767 2413 ille
788 2354 967 2435 simpliciter
981 2373 1035 2434 pro
1054 2353 1197 2433 exemplo
1212 2354 1308 2414 mate·

170 2454 305 2516 dirorum
319 2457 500 2535 scriptorum
516 2455 659 2535 posuerit.
695 2464 857 2535 praeterea
872 2476 909 2516 eo
928 2454 1008 2536 quod
1023 2454 1176 2536 Didymus
1194 2476 1308 2517 sermo·

170 2577 239 2617 nom
259 2556 416 2618 Ciceronis
444 2557 596 2616 interdum
620 2558 833 2635 exagitaverat
853 2577 915 2616 nou
941 2557 1072 2616 efficitur
1100 2576 1171 2618 eum
1195 2558 1309 2618 Latine

170 2661 334 2740 scripsisse.
357 2657 430 2739 quid
447 2658 550 2718 enim?
566 2678 666 2718 nonne
682 2657 763 2717 idem
778 2655 844 2736 περὶ
870 2657 921 2734 τῆς
941 2647 1021 2736 nupsi
1031 2646 1184 2733 Ῥωμαίοις
1200 2652 1308 2719 ἄναλο-

170 2760 236 2837 γίας
252 2761 359 2820 librum
376 2759 496 2820 Graece
511 2759 655 2840 scripsit?

255 2866 296 2921 De
313 2865 395 2920 rebus
412 2869 498 2920 trariis
513 2863 726 2942 Tranquillum
742 2863 899 2941 scripsisse
914 2859 1032 2922 Charisi
1054 2864 1230 2924 testimonio
1250 2866 1307 2923 sei-

170 2984 251 3035 mus,
269 2964 320 3042 qui
336 2962 463 3022 Suetoni
484 2965 666 3024 senteutiam
682 2963 720 3023 de
743 2984 867 3022 numero
888 2965 1145 3044 praepositionum
1173 2965 1308 3026 Graeca·

170 3086 234 3123 rum
251 3075 282 3123 ot
296 3055 473 3125 Latinarum
494 3068 538 3124 sic
559 3069 688 3144 profert:
720 3069 803 3124 Gaius
820 3069 907 3124 Iulius
923 3069 1066 3124 Rerncnus
1078 3070 1112 3124 de
1124 3075 1310 3142 praepositio·

170 3170 249 3224 nribus
269 3170 336 3225 titre
356 3156 500 3244 ἀφορμῶν
520 3174 557 3226 ite
580 3172 676 3242 refert.
709 3170 852 3226 Suetonius
871 3170 1047 3242 Tranquillus
1068 3171 1101 3227 de
1123 3171 1206 3228 rebus
1223 3176 1310 3229 scurris

166 3274 385 3342 praepositiones
400 3276 484 3344 inquit
497 3287 590 3328 oneres
613 3275 721 3328 omnino
733 3280 797 3327 sunt
818 3274 943 3327 Graecae
957 3273 1154 3345 derodeuipinti‚
1184 3278 1232 3346 qui
1259 3292 1309 3330 nse·

170 3388 263 3427 merus
278 3374 347 3427 inter
364 3390 456 3429 onnes
471 3376 579 3429 criticos
597 3377 789 3446 prnrnmetieos
804 3374 932 3446 profecto
954 3377 1091 3443 corruerit,
1116 3382 1228 3431 nostres
1244 3391 1310 3432 nero

170 3475 307 3530 essenos:
348 3476 382 3531 nb
409 3478 447 3530 cd
470 3483 584 3546 praeter
613 3494 668 3548 pro
690 3492 764 3547 pree
787 3491 878 3547 prope
904 3478 933 3530 in
964 3491 1001 3531 ex
1026 3477 1075 3530 snb
1103 3492 1190 3548 super
1218 3479 1311 3533 subter

173 3573 291 3652 (fragm.
307 3574 387 3651 205).
407 3577 437 3633 in
457 3575 565 3655 quibus
581 3596 661 3634 nunc
677 3575 824 3652 intellego
846 3583 917 3634 ante
932 3584 1042 3632 nostres
1060 3576 1110 3635 rel
1131 3585 1201 3655 post
1217 3580 1311 3634 scitur

171 3675 364 3735 intercidisse
378 3697 478 3755 pauca
498 3697 554 3736 noe
572 3690 655 3738 recte
674 3698 721 3737 mo
737 3677 755 3735 l.
776 3698 800 3734 c.
815 3677 908 3736 verbs
919 3682 966 3752 qni
983 3696 1116 3735 rrurnerus
1128 3684 1201 3737 inter
1218 3697 1311 3737 orrrrres

173 3819 373 3829 ——..—--—-

239 3894 265 3962 ³³)
280 3897 322 3946 cf,
338 3896 442 3947 Gellius
455 3897 531 3946 XVII
547 3898 572 3959 l,
590 3897 615 3945 l:
641 3905 666 3946 nt
679 3900 778 3964 qnidam
788 3899 893 3958 fuerunt
910 3904 1023 3948 rrrenstrer
1040 3898 1175 3956 hominnm,
1195 3902 1265 3965 quod
1280 3903 1310 3950 de

173 3983 212 4030 dis
223 3982 395 4031 instaurantibus
407 3984 496 4044 irnpins
505 3984 637 4047 salsasque
650 3986 780 4047 opiniones
790 3985 972 4048 prodiderunt,
985 3985 1022 4031 itu
1034 3987 1146 4033 nonnutti
1157 3991 1209 4034 tarn
1221 3987 1310 4050 prodi·

171 4069 237 4129 ptest
248 4071 345 4132 tempere
358 4070 480 4116 rseeordes
493 4069 647 4131 astiterunt,
664 4071 690 4117 in
708 4069 795 4134 quibus
810 4076 867 4117 ssent
882 4069 970 4136 Gallus¹
985 4069 1089 4116 Asinius
1101 4077 1126 4118 et
1141 4070 1256 4136 Larpius
1269 4071 1311 4120 tn-

172 4152 253 4207 rinns,
270 4153 338 4200 errius
350 4151 413 4200 tiber
425 4158 498 4201 etiarn
507 4154 594 4214 sertin·
605 4155 710 4217 inferendo
722 4157 791 4203 tituto
807 4155 1000 4210 (irernrnnstin,
1020 4161 1045 4202 nt
1062 4154 1177 4204 seribere
1191 4160 1250 4206 nessi
1264 4159 1312 4204 sint

174 4235 212 4283 M.
228 4235 369 4283 Cicernnern
381 4253 489 4299 parurn
505 4239 631 4302 intepre
645 4241 930 4304 ntqne'inpreprie
950 4246 1045 4303 estque
1064 4241 1312 4290 inconsiderate

171 4322 312 4367 territum.
337 4320 446 4385 scripsit
460 4327 549 4370 nutem
563 4321 693 4372 Claudius
706 4322 811 4372 Cnrsnr
829 4325 887 4388 ipso
905 4323 1036 4372 Suetonio
1055 4329 1127 4373 teste
1142 4325 1210 4374 est
1248 4328 1313 4375 Cice·

172 4407 242 4452 sonis
255 4405 422 4466 detensionern
435 4407 556 4455 adscensus
570 4409 644 4456 Asini
657 4409 723 4457 (intti
733 4409 810 4456 titirus
822 4411 884 4457 sctis
896 4409 1026 4457 erndttrnn.
