2964 5002
389 397 419 442 a.
438 394 625 438 amecnann
642 395 895 438 corruaurmuvs
1146 377 1208 439 535

432 608 560 675 VITA
592 609 853 677 TERENTII

157 747 347 826 Terentius,
376 746 460 812 Afer
481 769 601 833 genere
623 746 890 833 Kartaginensis,
918 768 998 833 puer
1021 754 1134 834 eaptus
1158 757 1209 813 est

73 859 105 918 et
124 873 145 916 a
166 850 307 938 quodam
329 847 482 915 Terentio
502 848 635 915 Lucano
658 858 795 936 emptus.
837 848 953 913 litteris
978 850 1105 936 graecis
1136 849 1208 914 lati·

71 954 187 1040 nisque
209 954 387 1017 instructus
408 973 482 1016 cum
502 951 659 1017 liberatas
681 959 784 1036 esset,
812 973 888 1016 mox
916 960 1048 1039 propter
1077 951 1207 1038 elegan-

71 1056 150 1120 tiam
171 1053 352 1119 studiorum
374 1075 562 1141 morumque
581 1054 615 1117 in
635 1054 813 1118 amicitiam
834 1053 1009 1140 perductus
1024 1062 1075 1119 est
1088 1053 1125 1118 P.
1139 1054 1206 1119 Sci·
1241 1063 1258 1113 5

72 1156 194 1246 pionis,
224 1154 330 1220 Laelii
356 1155 536 1244 Sapientis,
569 1155 662 1219 Furii
689 1154 785 1220 Phili.
840 1176 977 1243 quorum
1009 1155 1139 1221 fabulas
1172 1158 1208 1221 in

72 1279 171 1325 scena
193 1258 271 1322 dare
292 1257 384 1322 illum
400 1259 522 1322 inimici
538 1255 766 1322 diffamabant:
789 1261 929 1322 maxime
944 1265 1053 1329 autem
1069 1257 1208 1322 Luscius

71 1360 279 1441 Lanuuinus,
301 1361 357 1447 qui
378 1358 524 1425 aemulus
544 1360 615 1424 eius
638 1366 724 1443 erat,
747 1358 830 1423 hanc
853 1361 1037 1447 opinionem
1061 1359 1207 1447 diuulga-

71 1463 137 1529 bat.
188 1472 220 1527 et
252 1484 326 1526 cum
354 1462 605 1526 criminarentur
632 1460 765 1549 quidam
792 1461 998 1547 Terentium,
1028 1484 1093 1527 non
1130 1484 1207 1528 uere

72 1586 143 1632 eum
160 1564 360 1630 Graecorum
378 1585 484 1628 mores
508 1564 708 1651 exprimere,
733 1570 782 1627 set
801 1562 956 1652 pleraque
975 1565 1078 1629 latina
1097 1563 1207 1630 facere
1226 1573 1258 1625 10

72 1666 305 1733 consuetudine
311 1710 336 1750 ‚.
349 1675 386 1731 ut
407 1666 557 1730 instituta
578 1665 778 1731 Graecorum
801 1688 969 1754 moresque
997 1674 1208 1753 cognosceret

72 1769 218 1835 Athenas
239 1767 405 1857 profectus
425 1776 476 1832 est
496 1767 607 1856 ibique
629 1766 830 1856 aliquamdiu
845 1776 1059 1835 commoratus
1074 1767 1208 1833 Menan·

72 1871 165 1937 drum
199 1871 233 1934 in
263 1869 400 1935 latinum
429 1891 610 1934 sermonem
645 1870 850 1936 transtulisse
879 1870 1007 1936 dicitur.
1058 1881 1109 1935 set
1134 1892 1207 1934 cum

71 1973 207 2039 Romam
230 1972 425 2059 repetiturus
448 1980 551 2055 esset,
572 1973 718 2036 sarcinas
741 1973 939 2062 fabulasque
961 1994 1042 2061 quas
1064 1973 1111 2039 ibi
1133 1993 1207 2037 oon·

72 2076 247 2162 scripserat
276 2075 310 2138 in
336 2093 454 2137 nauem
480 2074 636 2159 imposuit
662 2095 745 2160 quae
769 2075 898 2141 Malean
928 2077 1106 2140 circuituro
1125 2082 1205 2140 erat.
1225 2082 1256 2134 15
1331 2105 1337 2119 ·

71 2178 141 2264 ipse
168 2177 314 2242 terrestri
344 2176 462 2239 itinere
492 2174 610 2239 Patras
639 2176 806 2261 proiectus
833 2185 898 2257 est,
925 2176 983 2241 ubi
1011 2198 1129 2243 nauem
1152 2199 1207 2244 ex·

157 2400 169 2450 l
193 2401 296 2467 Incipit
319 2400 377 2451 uita
400 2388 524 2452 Terentii
547 2400 573 2449 Α
642 2399 658 2448 2
682 2399 743 2449 afer
764 2399 891 2464 natione,
921 2416 1021 2465 genere
1045 2403 1080 2452 B.
1105 2417 1206 2468 genere

71 2487 179 2553 quidem
202 2486 295 2536 extitit
312 2485 393 2549 Afer,
420 2486 489 2535 ciuis
507 2500 572 2536 uero
590 2487 642 2535 utta
661 2484 744 2536 Omen.
814 2484 1043 2551 Carthaginensis
1067 2487 1099 2537 M
1165 2493 1208 2538 est

71 2569 109 2640 ot]
130 2576 158 2622 et
176 2571 234 2621 libri
284 2572 301 2619 4
322 2570 469 2621 liberarius
487 2571 521 2619 B.
541 2569 672 2620 librarius
691 2569 728 2620 M.
750 2569 825 2621 ‘mox
843 2570 915 2621 huuc
933 2569 1075 2621 librariam
1089 2570 1205 2622 asciuit'

71 2657 101 2720 P,
133 2661 255 2721 prexano
272 2655 394 2706 exbibens
411 2659 490 2706 tulta:
514 2655 558 2719 qui
584 2671 644 2705 cum
669 2654 858 2705 familiaritate
885 2653 972 2723 [notuit
995 2670 1056 2705 cum
1079 2657 1107 2705 in
1126 2656 1206 2706 sami·

70 2738 231 2806 liaritatem]
250 2758 275 2806 p.
290 2741 422 2806 scipionis
441 2756 473 2789 ac
490 2739 551 2789 lelii
569 2741 715 2806 perductus
733 2745 830 2806 postea
849 2746 922 2792 esset
940 2758 955 2792 e
973 2741 1104 2792 libertina
1122 2741 1203 2805 tribu,

70 2826 98 2876 in
115 2826 228 2875 urbanis
240 2826 381 2875 honestum
394 2824 516 2876 ordinem
535 2827 631 2875 tenuit.
664 2841 763 2876 causas
784 2822 866 2893 [dumo
880 2824 1046 2892 comoedias]
1064 2828 1122 2893 egit
1139 2842 1204 2876 non·

70 2925 220 2976 nunquam,
245 2912 273 2960 in
292 2909 389 2975 quibus
408 2909 517 2974 quidem
535 2910 626 2960 locum
643 2911 759 2975 primum
776 2910 849 2961 haud
872 2911 955 2962 dubie
978 2913 1126 2975 tenuisset,
1150 2913 1206 2961 nis.

70 2997 128 3048 eius
147 2995 360 3058 obtrectatores,
381 3009 441 3044 cum
460 2994 542 3044 ctiam
561 2995 671 3061 publice
690 2997 748 3046 eius
767 2996 906 3046 comedias
919 3011 985 3062 quius
1000 2997 1205 3047 edideratuitu-

69 3085 212 3147 pararent,
244 3080 279 3130 ad
302 3079 456 3131 huiuamodi
480 3079 572 3130 studia
597 3080 738 3132 ardentius
760 3080 934 3146 impulissent
957 3078 1044 3149 [turmo
1067 3066 1204 3132 obtrecta-

69 3170 143 3217 tores
162 3165 244 3215 etiarn
258 3164 372 3230 'publice
387 3200 393 3215 .
408 3201 414 3213 .
429 3201 434 3213 .
448 3165 654 3231 uituperarent:
674 3182 727 3231 quo
744 3171 837 3216 tamen
855 3182 915 3215 eum
935 3166 969 3215 ad
989 3167 1142 3217 huiusmodi
1156 3205 1161 3218 .
1176 3204 1182 3217 .
1197 3205 1204 3218 .

38 3280 40 3284 ν
69 3249 234 3318 impulerunt
251 3254 289 3300 uel
305 3247 430 3314 acuiliter]
499 3249 577 3299 bost
594 3266 641 3300 ora.
661 3251 715 3300 AB
782 3250 814 3300 Ρ.
832 3266 878 3300 om.
898 3251 956 3300 ΒΜ
1029 3250 1090 3302 (let
1113 3251 1205 3303 Laelii

69 3336 202 3403 sapientis
221 3340 249 3384 et
266 3335 296 3384 M
366 3334 420 3384 furi
437 3333 495 3399 puli
512 3335 547 3385 A.
567 3334 660 3400 rupilii
678 3334 743 3385 ΒΜ.
763 3334 839 3385 Furii
856 3335 947 3384 Publii
963 3339 1030 3386 ottae
1047 3339 1131 3388 codex
1149 3341 1202 3405 qui-

69 3423 126 3472 dam
144 3437 160 3471 u
178 3420 381 3470 Lindenbrucdio
398 3426 602 3470 commemoratus
620 3421 656 3470 ud
667 3422 792 3471 Donatum
809 3422 835 3468 in
854 3420 960 3485 Adelph.
976 3426 1045 3486 prol.
1065 3426 1106 3475 15.
1125 3425 1206 3488 Apud

68 3511 147 3572 maram
170 3507 294 3556 Donatum
317 3505 416 3565 furium
439 3505 524 3570 pilum
547 3512 585 3555 est
607 3507 633 3555 ia
657 3508 714 3557 eod.
735 3507 848 3556 Dans'etis
870 3511 896 3555 et
917 3508 958 3556 ed.
980 3508 1079 3576 priua,
1104 3509 1204 3558 furium

68 3593 142 3659 pium
160 3593 185 3641 iu
203 3590 342 3650 veteribus,
360 3591 471 3642 Furium
488 3591 616 3642 Publium
631 3597 690 3656 poet
707 3594 830 3657 culpatum
897 3591 912 3639 7
932 3607 1015 3642 sceno
1034 3594 1058 3642 A
1127 3592 1204 3643 illum

69 3694 114 3730 aar.
133 3677 193 3727 libri
261 3681 353 3727 eutem
371 3675 458 3726 lusius
470 3677 503 3727 A.
524 3681 615 3726 autem
633 3675 722 3727 lucius
741 3676 773 3725 B.
794 3675 932 3726 turtullius
951 3677 982 3726 M
1048 3675 1203 3728 Slauinius

70 3763 127 3814 ΒΜ
207 3761 265 3810 cius
285 3760 407 3812 aemulus
430 3761 464 3811 Μ
540 3760 702 3827 diuulgabat
725 3778 772 3812 our.
795 3762 820 3812 A
901 3761 917 3810 9
941 3759 979 3826 et]
1002 3761 1049 3812 sed
1072 3763 1131 3812 utu

69 3864 122 3898 non
140 3862 206 3897 uere
226 3843 298 3913 eum]
319 3862 373 3896 non
391 3860 455 3895 uere
475 3846 512 3896 Μ.
532 3849 666 3912 rogauero
685 3847 718 3897 A.
737 3862 792 3896 nou
810 3862 889 3898 ueros
908 3847 934 3896 B
1003 3846 1035 3895 10
1052 3849 1202 3913 exprimere

69 3930 124 3998 set}
140 3932 304 3997 exprimeret
317 3932 350 3981 A.
370 3931 521 3996 exprimere
540 3931 600 3980 ΒΜ
615 3928 658 3992 (de
671 3931 818 3995 placetur)
885 3932 974 3982 latina
993 3931 1097 3998 facere]
1115 3934 1144 3982 in
1162 3933 1201 3983 la·

69 4018 128 4069 tina
146 4018 219 4068 serre
237 4017 271 4066 A.
290 4018 320 4066 ia
338 4015 427 4066 latina
444 4017 502 4067 sore
521 4016 580 4066 ΒΜ
595 4015 639 4079 (de
657 4016 803 4080 Placatur)
873 4016 903 4066 ll
921 4033 1063 4083 moresque
1081 4017 1200 4068 Gracco·

69 4119 126 4154 rum
144 4103 178 4153 Μ
246 4101 276 4151 12
299 4102 391 4167 ibique
414 4102 439 4152 A
463 4098 539 4167 (Bt).
564 4100 603 4151 ibi
621 4102 677 4151 MP
744 4099 923 4169 aliquamdiu]
950 4103 1096 4170 compluris
1115 4118 1201 4154 annos

26 4181 30 4188 ¹
69 4189 95 4238 P
168 4186 345 4237 menandrum
364 4192 392 4237 et
409 4186 589 4253 demophilum
607 4186 636 4235 in
654 4186 679 4234 P
751 4185 782 4236 13
800 4182 853 4252 set]
875 4190 903 4235 et
925 4188 984 4237 libri
1052 4187 1083 4238 14
1101 4190 1199 4255 repeti·

69 4269 155 4338 turus]
173 4272 306 4337 petiturus
323 4272 385 4322 liert
453 4271 483 4321 15
500 4275 591 4322 nanim
608 4273 642 4323 A.
661 4270 726 4321 uaui
738 4271 762 4319 P
841 4273 1027 4334 composuitP
1092 4272 1199 4323 maleou

69 4357 127 4408 BP.
146 4357 268 4409 maricon
285 4359 320 4409 A.
346 4357 493 4409 malieoum
511 4358 599 4408 sinum
622 4359 683 4407 dicit
701 4357 865 4415 Poleatoaur,
889 4356 976 4406 sinum
994 4358 1132 4424 Illyricum
1150 4359 1197 4409 Pe-

69 4447 159 4494 trarca
205 4441 259 4493 .1u
270 4443 609 4509 ipse....eonstituerat
620 4442 705 4496 om.A
774 4440 972 4491 ubietnauem
986 4443 1018 4492 M
