2964 5002
500 367 1001 413 r.s1rscnnnucounsensn1vs
1215 422 1221 435 ‚
1257 354 1315 416 531

184 518 293 590 aareoie
314 516 451 591 Vopeltriee
473 535 551 577 mate
570 523 600 577 in
621 523 666 578 illo
683 524 774 580 inclito
792 527 915 581 carmine
936 525 977 581 ‘si
994 525 1147 581 cadendum
1162 524 1215 581 est’
1235 528 1321 600 icqreit

184 616 273 687 ‘medi
289 620 395 675 ecoelo
408 622 538 679 remittere
550 624 660 679 aelem’
696 622 832 700 Quorum
849 633 986 685 extrema
1009 628 1113 684 eeoelo
1127 628 1256 685 cenasse
1271 643 1319 684 ne-

183 717 297 798 linqui
312 718 352 778 ed
373 719 543 782 hexametri
563 724 743 804 principium
762 725 893 799 referat,
913 747 974 787 non
995 747 1086 807 posse
1107 747 1168 786 non
1190 727 1318 788 haerere

183 820 214 879 in
232 822 280 882 eis
296 840 376 902 ques
391 825 581 903 praecedunt
595 846 720 887 numero
742 828 895 909 dactylico
911 839 1017 908 aperte
1037 830 1233 907 refragantia.
1261 831 1316 899 Li·

182 920 284 984 berius
305 924 397 1004 igitur
416 935 528 1007 poetae
549 926 652 989 verbis
669 929 820 990 Senecam
839 950 925 991 usum
942 931 1035 993 talem
1054 933 1154 1012 potius
1170 935 1202 992 in
1215 941 1317 993 mente

181 1023 324 1087 habuisse
339 1029 491 1088 senarium
505 1028 617 1090 videri:

382 1133 416 1190 Si
427 1132 496 1190 mitri
506 1135 660 1191 codeadmn
675 1145 728 1204 eet,
743 1136 872 1193 cendam
887 1153 902 1193 e
916 1138 992 1194 coeto
1007 1139 1096 1196 uelim.

180 1230 323 1295 Senarios
340 1244 440 1294 autem
462 1254 529 1294 cum
545 1235 636 1295 etiam
651 1237 766 1296 Donati
785 1238 953 1298 versiculos
970 1236 1150 1310 habeamus,
1171 1237 1246 1316 nihil
1262 1240 1313 1301 ob-

180 1346 260 1399 stare
274 1326 435 1418 quominus
450 1347 482 1397 et
492 1357 585 1397 unum
597 1337 788 1420 eundemque
803 1340 960 1419 utriusque
974 1339 1129 1418 scriptoris
1140 1341 1315 1419 Vegellium

181 1439 338 1501 eradamus
357 1450 388 1499 et
400 1440 530 1501 fortasse
549 1441 641 1500 etiam
661 1441 807 1501 ‘inclitum
824 1441 956 1502 carmen’
978 1441 1055 1501 illud
1069 1461 1129 1502 non
1144 1443 1313 1506 aliudesse

178 1543 234 1602 nisi
250 1543 430 1602 ‘Actionem'
446 1542 644 1622 suspicemur.
680 1541 768 1622 Quae
784 1544 811 1604 si
826 1552 910 1603 certa
923 1563 985 1604 non
1000 1551 1085 1618 sunt,
1102 1551 1134 1604 et
1149 1547 1230 1606 veris
1243 1567 1312 1628 pro·

177 1643 291 1724 pinque
305 1643 412 1704 haberi
427 1630 578 1725 poterunt.
605 1644 669 1704 Sed
684 1645 723 1705 dc
740 1647 872 1705 carmine
889 1666 1079 1727 quocumque
1095 1646 1184 1707 modo
1196 1648 1311 1710 iudica·

178 1744 271 1821 bitur,
296 1748 410 1822 Voyetlii
423 1746 546 1827 quidem
565 1729 675 1808 nomen
691 1748 866 1809 coniectura
880 1758 1033 1829 repertum
1048 1768 1116 1810 esse
1134 1749 1312 1813 felicissime

178 1848 310 1923 conlido,
329 1868 512 1931 quamquam
526 1870 587 1910 non
601 1851 725 1928 ignarus
741 1849 780 1910 ad
796 1851 896 1911 omnia
913 1852 974 1911 alia
990 1860 1020 1911 et
1035 1850 1081 1930 (ut
1098 1851 1192 1934 solet)
1211 1854 1312 1914 aliena

177 1950 214 2012 de
228 1951 369 2013 Senecae
389 1951 492 2012 verbis
510 1952 709 2013 coniectando
726 1952 855 2013 eundem
870 1953 1128 2032 illum·Vnge1um
1147 1974 1243 2036 nuper
1258 1955 1310 2016 de·

176 2052 292 2133 lapsum
313 2073 382 2114 esse
409 2055 441 2113 in
465 2073 503 2114 ea
528 2054 781 2115 commentatione
803 2075 895 2136 qnam
920 2055 959 2114 de
981 2055 1100 2115 Lucani
1122 2057 1261 2119 Heliacis
1283 2078 1309 2119 a

176 2147 243 2221 lese
257 2155 360 2216 edidit.
397 2155 546 2216 Nimirum
563 2155 683 2217 blandis
699 2155 860 2216 verborum
879 2157 1037 2216 lenociniis
1058 2178 1205 2220 summam
1222 2160 1309 2221 nobis

174 2256 331 2319 lenitatem
350 2259 422 2319 talis
444 2258 675 2340 permutationis
696 2258 865 2318 litterarum
884 2258 1073 2337 persuadere
1090 2260 1192 2320 studet
1213 2282 1308 2343 quae

173 2365 305 2436 monem
320 2361 374 2421 fiet
391 2379 459 2421 uero
472 2379 597 2420 annaeus
611 2365 736 2420 lucanus.
1182 2360 1186 2370 '

253 2462 331 2541 rag.
343 2462 383 2525 85
391 2478 536 2525 versuum
546 2463 718 2524 8-8-haeo
731 2449 823 2522 estin
836 2470 941 2522 vetere
949 2462 1090 2520 Parisino
1103 2463 1238 2540 species:
1255 2466 1310 2525 leae

172 2581 243 2640 qaae
255 2575 394 2624 nocentio-
407 2567 523 2642 saintet
536 2571 616 2624 cuiae
629 2575 704 2624 sunt.
744 2584 799 2624 non
812 2568 866 2623 tras
885 2569 934 2640 qai
951 2569 1016 2622 ntro
1030 2567 1143 2638 populis
1161 2568 1308 2625 retentione

172 2669 253 2726 dabat
271 2684 375 2726 eamme
393 2669 497 2727 nonore
514 2671 634 2742 affectus
649 2669 717 2741 fecit
734 2668 853 2742 fedatos.
885 2667 960 2726 Neo
979 2665 1104 2725 multum
1126 2667 1220 2724 ceteri
1237 2666 1305 2726 libri

172 2765 355 2848 discrepant,
366 2770 424 2829 nisi
442 2768 524 2850 quod
537 2789 592 2850 pro
604 2771 751 2828 retentione
764 2769 795 2827 in
809 2769 965 2849 plerisque
980 2770 1182 2828 recensentibus
1196 2777 1305 2844 armat,

171 2875 369 2931 rmeneonitm
382 2891 421 2932 ex
436 2871 514 2932 italo
530 2870 661 2952 quodam
681 2869 788 2930 codice
803 2871 1041 2931 ‘vetustissimo’
1057 2870 1182 2929 affertur
1197 2890 1216 2930 e
1230 2871 1304 2930 Bar·

171 2973 232 3034 thio
248 2973 415 3034 Adversar.
431 2986 476 3047 vl,
492 2983 535 3037 16.
569 2975 607 3033 Ιιι
620 2974 667 3033 his
683 2981 783 3034 autem
800 2972 1000 3054 expediendis
1015 2970 1074 3032 dici
1089 2973 1196 3053 nequit
1209 2991 1305 3055 quan·

170 3082 231 3136 tum
247 3076 386 3155 solonge
402 3095 443 3136 ex
456 3087 592 3157 tempore
610 3073 693 3135 docti
708 3075 846 3136 homiues
862 3075 1017 3136 torserint:
1041 3075 1190 3154 Iosephus
1207 3074 1304 3135 Scall-

170 3199 222 3258 ger
235 3179 397 3240 Animadv.
413 3181 444 3239 iu
458 3178 585 3240 Eusebii
600 3176 742 3239 Chrouol.
759 3198 791 3258 p.
808 3187 858 3241 111
872 3177 920 3238 ed.
938 3177 1001 3254 alt,
1017 3179 1110 3237 Ianus
1122 3178 1304 3256 Rutgersius

169 3281 240 3342 Ver.
258 3282 330 3342 leot.
346 3293 374 3354 1,
393 3291 419 3356 7,
434 3283 500 3361 ipse
517 3281 660 3341 Barthius
673 3281 695 3340 l.
711 3302 736 3340 s.
752 3302 776 3340 s.
789 3325 796 3353 ‚
811 3291 918 3341 nostra
933 3288 1033 3341 autem
1049 3280 1194 3339 memoria
1211 3280 1302 3339 Caro·

168 3382 214 3443 lue
229 3385 356 3444 Beierus
372 3386 402 3443 in
418 3381 482 3444 cie.
497 3383 584 3443 Lael.
600 3404 632 3464 p.
651 3391 698 3447 141
708 3378 747 3460 *)‚
765 3383 907 3461 Vngerus
926 3382 964 3442 de
977 3383 1080 3460 Valgii
1095 3383 1165 3442 Rufi
1180 3402 1302 3461 poema·

232 3550 261 3620 ¹⁸)
289 3553 505 3616 Boiam-verba,
529 3552 626 3618 quibus
651 3551 915 3618 disputatiunculam
938 3567 1015 3602 suam
1040 3549 1191 3613 conclusit,
1216 3551 1302 3602 animi

168 3652 265 3690 neusse
284 3638 433 3704 adscripsi:
452 3637 646 3703 ‘fragmentum
666 3638 736 3688 euim
755 3642 910 3702 corruptum
929 3652 990 3686 csse
1009 3642 1091 3701 atque
1110 3636 1300 3687 emendatione

168 3723 255 3774 adhuc
274 3739 370 3789 egere,
395 3724 488 3775 sobria
505 3724 613 3789 ingenii
630 3722 754 3774 sollertia
773 3722 880 3771 iudicat
897 3720 978 3786 longe
997 3722 1180 3786 peritissimus
1198 3722 1301 3772 arbiter

165 3807 234 3876 Aug.
253 3809 427 3860 Weichertus
449 3810 478 3858 in
501 3808 659 3875 pererudita
680 3810 886 3858 commentatione
909 3808 941 3857 de
962 3790 992 3857 ¹O.
1020 3808 1111 3873 Votoio
1134 3808 1200 3870 Riese
1222 3812 1300 3870 poeto

167 3891 288 3957 (Grimae
308 3911 341 3945 ex
358 3894 431 3945 oilie.
447 3893 619 3944 Gocechenia
640 3891 713 3942 1827.
732 3889 981 3967 4.)·sragm.xv11.'
1011 3892 1145 3943 Nimirum
1161 3891 1244 3957 plano
1256 3890 1299 3941 sui

166 3981 264 4032 similis
281 3979 456 4031 Weichertus
481 3979 574 4030 extitit
590 3980 669 4028 Poet.
687 3976 737 4027 lat.
758 3975 837 4040 reliq.
855 3993 881 4042 p.
900 3973 951 4025 1311
969 3991 1025 4042 sq.‚
1050 3993 1139 4027 rerum
1162 3974 1298 4025 inutilium

167 4068 239 4117 strue
256 4064 396 4129 molestus,
414 4064 500 4115 hebes
518 4064 629 4114 iudicio.
650 4088 681 4097 —
701 4061 828 4113 Ceterum
841 4076 875 4110 no
888 4061 952 4126 quid
965 4062 1176 4121 desideraretur,
1195 4060 1296 4109 infruc-

166 4153 245 4203 tuosa
262 4150 424 4202 emendandi
443 4151 589 4201 conanime
606 4148 717 4199 duorum
735 4158 861 4197 versuum
879 4144 996 4210 priorum
1014 4148 1089 4198 infra
1101 4144 1207 4209 scripsi.
1235 4144 1297 4194 Hae

166 4252 229 4303 quoe
240 4242 364 4288 noceatur
372 4235 477 4300 sabatae
493 4234 613 4296 Terentii,
627 4234 685 4284 Non
697 4233 743 4283 leae
755 4223 797 4297 qai
808 4231 866 4279 iuro
877 4228 981 4281 Pollius
992 4232 1107 4297 pentibus
1119 4229 1196 4279 dabat
1208 4226 1296 4277 Scali-

166 4334 222 4386 ger.
256 4323 317 4374 Hoc
335 4338 399 4389 quoe
417 4327 540 4372 mcontar
555 4320 659 4384 [atalae
678 4318 763 4375 turm,
787 4317 861 4364 nona·
880 4329 925 4364 eos
949 4315 997 4375 Qm'
1012 4319 1073 4366 iura
1090 4315 1203 4379 populu,
1228 4314 1296 4375 tepeo

165 4406 276 4470 pentibus
293 4406 370 4457 dabat
388 4407 560 4473 liutgersius.
594 4405 764 4457 Terentianae
782 4399 847 4465 quei
863 4397 1194 4465 recommemorata
1211 4397 1296 4447 sient?

1027 4483 1092 4545 34·
