2964 5002
371 1311 1097 1432 aaaronvnrnenr

660 1566 811 1648 r-mn

543 1697 686 1814 [narr
706 1733 771 1793 ee
782 1733 912 1814 arus]

640 1954 830 2014 1·11·111

248 2064 460 2152 Tranquillus
491 2067 829 2131 retrusurus-latine
853 2067 934 2132 dicit
962 2070 1073 2154 potius
1095 2051 1387 2156 appellatum‚109

171 2168 250 2254 quod
271 2169 298 2230 is
321 2166 378 2254 qui
401 2166 607 2255 triumphans
625 2169 739 2233 urbem
757 2169 985 2252 ingrederetur
998 2171 1162 2258 tripertito
1184 2171 1306 2236 iudicio
1363 2199 1373 2212 ·

250 2352 299 2407 toa
322 2356 445 2406 Isidorus
464 2357 552 2422 origg.
571 2358 706 2420 xvlna,
730 2357 760 2409 3.
789 2357 954 2422 ‘Tropaeum
978 2347 1120 2408 dietum’
1100 2351 1226 2424 απότῆς
1243 2376 1306 2442 τοο

169 2422 220 2488 τῆς
238 2425 265 2474 id
284 2429 327 2473 ost
346 2440 363 2472 a
382 2425 562 2474 conuersione
581 2424 668 2475 hostis
688 2432 716 2476 et
736 2427 811 2490 saga.
843 2441 906 2474 narn
925 2427 960 2475 ab
980 2443 1013 2476 eo
1032 2426 1102 2489 quod
1121 2425 1226 2475 hostem
1246 2431 1306 2492 qais

170 2491 290 2569 fugasset
313 2492 472 2540 merebatur
494 2497 649 2556 tropaeum,
675 2494 746 2558 quod
769 2493 919 2545 occidisset
942 2493 1120 2573 triumphum,
1146 2495 1192 2557 qui
1215 2494 1305 2544 dietus

168 2549 222 2608 α’πὸ
239 2558 290 2624 τῆς
308 2551 457 2623 θριάμβης
475 2558 502 2607 id
522 2567 564 2609 est
583 2561 618 2609 ab
638 2561 820 2611 exultatione.
851 2560 949 2626 plenae
965 2563 1037 2610 enim
1055 2562 1191 2610 uictoriae
1211 2563 1305 2610 trium-

167 2627 232 2691 phus
250 2628 376 2688 debetur,
395 2627 565 2691 semiplenae
584 2636 735 2693 tropaeum,
755 2630 820 2693 quia
838 2628 957 2678 nondum
976 2628 1085 2692 pionem
1104 2634 1147 2677 est
1159 2629 1305 2678 uictoriam

168 2701 338 2744 consecutus.
376 2709 429 2741 non
449 2696 520 2742 enim
540 2696 659 2745 obtinuit
677 2697 725 2745 sed
745 2698 897 2746 exereitum
916 2697 1033 2759 fugauit.
1064 2695 1241 2745 haoetamea
1259 2713 1306 2747 no·

167 2764 238 2811 mina
255 2763 405 2827 scriptores
419 2762 589 2812 confundunt
607 2764 653 2826 (es.
672 2764 776 2813 Servius
787 2765 878 2826 iufra).
891 2763 1118 2827 Tranquillus
1136 2770 1228 2813 autem
1242 2767 1305 2813 tri·

167 2831 347 2894 umpbum..
359 2828 553 2893 ..’p0pulum
573 2832 601 2879 4:
617 2831 699 2880 brat
712 2837 803 2881 autern
815 2833 997 2881 Ronrauorum
1010 2846 1080 2894 mos,
1095 2836 1125 2880 ut
1137 2832 1305 2897 trrumphan

167 2903 206 2947 tes
219 2897 362 2962 quadrigis
375 2896 554 2959 deberentur,
576 2916 609 2947 ex
621 2898 669 2948 illo
689 2899 758 2963 qaod
772 2898 847 2949 soliti
860 2901 916 2948 sint
929 2899 1034 2962 priores
1047 2869 1131 2949 driees
1143 2899 1195 2949 hoe
1209 2899 1306 2949 habitu

166 2965 264 3014 belia'
258 2967 339 3013 inire.
369 2965 538 3043 quicumque
557 2967 674 3014 autenr'
668 2983 695 3015 ιιι
714 2968 844 3016 conflictu
861 2967 996 3015 uicissent
1015 2966 1108 3030 palma
1126 2983 1210 3016 aurea
1229 2985 1304 3017 coro·

167 3035 311 3094 nabnntar,
331 3034 398 3096 quia
415 3031 506 3096 palma
525 3034 650 3083 stimulos
669 3035 762 3083 babet.
803 3035 849 3097 qui
873 3049 937 3083 uero
962 3035 1021 3083 sine
1047 3036 1178 3084 condictu
1197 3036 1305 3098 sagien·

166 3108 217 3149 tem
237 3105 418 3165 prostrasset,
438 3099 533 3149 laurea
553 3102 674 3166 eoquod
694 3102 775 3151 arbor
793 3101 862 3150 haee
882 3104 942 3150 sine
960 3102 1049 3165 spinis
1069 3101 1130 3151 est’
1166 3103 1194 3152 5:
1215 3104 1305 3152 ‘Nam-

168 3183 216 3231 que
236 3174 264 3217 et
283 3182 448 3232 purpuream
468 3172 495 3217 et
512 3169 664 3232 palmatam
682 3175 775 3233 togam
793 3169 993 3232 triumphantes
1013 3169 1198 3219 induebantur
1211 3176 1239 3218 et
1252 3172 1306 3220 sei·

166 3237 274 3299 pionem
294 3247 354 3284 eum
373 3241 484 3299 seeptro
502 3236 530 3283 in
549 3253 631 3285 manu
650 3238 785 3301 gerebant
804 3237 839 3285 ad
852 3237 1034 3285 imitationem
1047 3237 1185 3288 uictoriae
1199 3238 1305 3303 Scipio·

166 3305 220 3359 nis,
245 3303 314 3352 lieet
338 3307 366 3351 et
388 3303 477 3367 scipio
500 3303 615 3353 baculus
639 3306 676 3354 sit
699 3319 751 3368 quo
773 3303 897 3354 homines
921 3305 1083 3354 innituntur.
1120 3305 1191 3355 unde
1211 3312 1240 3354 et
1258 3306 1305 3355 ille

166 3372 267 3449 primns
286 3369 431 3419 Cornelius
450 3371 544 3435 Scipio
564 3371 720 3436 appellatus
739 3379 793 3429 est,
820 3373 885 3436 quia
903 3372 930 3419 in
949 3373 1008 3421 soro
1027 3379 1107 3437 pater
1125 3372 1185 3422 e'ias
1204 3389 1306 3422 caecas

167 3439 274 3488 innixus
293 3454 325 3486 eo
345 3437 512 3487 ambulabat.
548 3455 630 3503 super
642 3455 793 3504 scipionem
808 3446 899 3488 autem
919 3440 1014 3503 aquila
1033 3440 1246 3503 supersedebat,
1266 3441 1305 3490 ob

114 3527 118 3536 =
167 3506 296 3555 indicium
316 3506 386 3569 quod
405 3521 453 3569 per
471 3506 616 3555 uictoriam
636 3508 715 3571 quasi
740 3507 775 3555 ad
793 3522 939 3572 supernam
958 3507 1174 3578 magnitudinem
1190 3508 1303 3557 aceede·
1321 3511 1324 3516 '

167 3573 244 3622 rent’
281 3574 404 3622 7onaras
423 3589 485 3622 san
512 3575 563 3622 XII
583 3573 615 3622 32
633 3580 699 3623 tom
723 3574 800 3638 Hp.
820 3574 870 3623 ols
884 3591 940 3639 sq
961 3564 1109 3624 Ενταῡθα
1112 3573 1305 3648 δηλωθῆναι

166 3633 262 3703 καλόν,
281 3630 355 3690 ὅθεν
373 3634 404 3689 τὸ
422 3639 472 3690 του
491 3634 638 3720 θριάμβου
657 3632 856 3718 dissipatur*
841 3658 940 3706 ονομα.
978 3639 1068 3705 φασὶν
1087 3658 1140 3692 ουν
1156 3643 1304 3720 κληθῆναι

167 3709 266 3758 τοῦτον
289 3700 320 3757 ἐκ
339 3707 395 3756 τῶν
417 3707 524 3770 θρίων,
548 3704 568 3757 ἄ
593 3701 650 3758 ἐστι
674 3703 708 3757 τοὶ
732 3708 782 3774 τῆς
807 3709 893 3774 συκῆς
913 3702 1016 3786 φύλλα.
1054 3703 1109 3788 πρὸ
1128 3703 1218 3791 ηάρ
1201 3709 1252 3759 τοῦ
1272 3703 1305 3758 td

166 3779 329 3855 πηοσωπεῖα
353 3747 546 3854 ἐπινοηθῆναι
566 3779 625 3834 τοῖς
644 3792 676 3826 σκ
699 3780 804 3834 νικοῐς,
829 3775 916 3855 συκῆς
936 3771 1054 3853 φύλλοις
1072 3773 1107 3827 τα
1127 3776 1237 3828 εαοτών
1256 3794 1305 3827 κα·

167 3845 318 3900 λοπτοντες
337 3836 474 3907 πρόσωπα
494 3835 536 3893 δι’
555 3794 836 3908 ίιὶμβωνίποιούντο
855 3840 889 3894 τὰ
914 3838 1083 3910 σκώμματα
1106 3841 1155 3895 καὶ
1174 3837 1205 3893 οἴ
1221 3858 1303 3920 στοα-

167 3912 260 3960 ιιώται
286 3905 318 3961 δὲ
344 3903 375 3960 ἓν
394 3914 456 3968 ταῖς
475 3903 627 3988 ἐπινικίοις
651 3915 779 3990 πομπαῖς
804 3905 898 3976 φύλλα
920 3912 1012 3992 συκηῆς
1025 3916 1088 3971 ταῖς
1108 3905 1217 3963 ἑαυτῶν
1236 3903 1305 3960 ἐπα

167 3995 261 4060 *portes
286 3969 389 4039 ὄψεσιν
414 3973 453 4036 εἰς
477 3974 544 4037 τούς
567 3973 617 4037 τὰς
641 3974 757 4058 πομπὰς
780 3995 933 4056 ποιμυντας
956 3975 1157 4030 απὲσκωπτον
1186 3970 1305 4028 advrsu-

167 4048 220 4097 θεν
237 4039 440 4122 ὀνομασθῆναι
459 4048 603 4122 νομίζεται
623 4044 715 4112 θριαμ
736 4062 785 4104 ους
793 4041 853 4120 „reis
877 4039 1036 4104 ἐπινικίους
1055 4063 1178 4123 πομπας,
1195 4040 1302 4120 ἕτεροι

159 4110 197 4175 ,δι’
216 4130 306 4179 φασιν
324 4096 526 4187 ὀνομασθῆναι
545 4109 594 4162 τὸν
613 4114 706 4179 θρίαμ
728 4130 770 4174 ον,
790 4130 832 4163 οτι
853 4107 883 4164 ia
897 4114 981 4176 τριῶν
1000 4109 1029 4163 οἱ
1041 4108 1093 4180 τῆν
1105 4105 1223 4190 πομπὴν
1236 4112 1305 4176 πλη·

168 4183 281 4243 οσύντις
301 4180 470 4231 συνίσταντο
489 4175 615 4243 ια’ξεων,
640 4182 689 4252 τῆς
708 4175 867 4259 συγκλήτου
890 4198 940 4231 του
948 4175 1053 4259 δῆμου
1072 4178 1120 4230 καὶ
1144 4179 1200 4228 τῶν
1224 4193 1305 4241 στρα-

167 4250 283 4311 τιωτῶν,
308 4245 359 4299 καὶ
385 4240 415 4298 ἐκ
434 4249 484 4298 τοῦ
507 4248 621 4315 βαίνειν
636 4248 716 4325 ομοὺ
740 4265 790 4305 τας
808 4243 904 4310 τάξεις
922 4242 972 4306 τὰς
991 4252 1071 4326 τρεις
1084 4240 1222 4325 τριαμβόν
1240 4261 1304 4294 τινα

167 4319 327 4384 κληθῆναι,
351 4306 418 4365 α’ντλ
442 4311 473 4366 δὲ
499 4316 549 4366 τοι]
573 4335 587 4364 τ
613 4310 645 4365 τὸ
669 4309 692 4365 θ
712 4315 944 4381 παραληφθῆναι
969 4312 1018 4366 διὰ
1043 4309 1074 4365 τὸ
1098 4305 1305 4380 ευφανότερον.

167 4386 248 4436 Varro
275 4389 308 4436 L.
334 4386 365 4433 1..
396 4385 432 4433 VI
455 4385 501 4433 ns:
540 4385 729 4448 ‘Triunrpbare
757 4383 940 4447 appeliatum,
968 4382 1040 4448 quod
1058 4398 1120 4432 eum
1141 4383 1306 4448 imperatore

1052 4461 1118 4537 1⁰*
