2964 5002
665 378 706 418 DE
728 377 844 418 nonnis

719 528 785 586 XX
832 528 834 532 ’

259 640 487 688 constrictus
512 633 609 709 poeta
630 646 650 686 a
675 624 832 687 militibus
861 624 1010 688 desertus
1032 624 1155 688 interiit
1181 632 1220 702 (a.
1247 634 1322 703 713),
1339 634 1417 708 27*

179 747 256 810 quos
286 748 387 812 saepe
415 726 584 809 fugientes
606 725 753 810 galeatos
775 723 902 812 lepores
927 724 1116 812 appellarat.
1160 725 1254 789 huius
1275 749 1324 791 so-

180 849 230 890 ror
250 826 448 908 Cornificia,
473 827 567 890 cuius
590 827 732 911 insignia
755 835 869 890 extant
894 827 1141 912 epigrammata.

713 949 796 1008 XXI

264 1063 303 1108 u.
332 1062 460 1109 nav1vs
488 1053 587 1132 poeta
613 1067 710 1132 quem
732 1043 898 1129 Vergilius
921 1046 955 1109 in
981 1045 1147 1111 Bucolicis
1174 1054 1265 1109 notat
1293 1045 1327 1107 in
1341 1042 1417 1116 28*

165 1130 394 1231 sCappadocia
413 1147 552 1212 moritur
575 1153 613 1223 (a.
637 1155 714 1226 719).

265 1247 392 1312 Bauius
413 1257 545 1312 curator
567 1247 643 1326 fuit,
676 1247 716 1311 de
739 1269 803 1334 quo
825 1246 990 1311 Domitius
1012 1249 1045 1310 in
1068 1243 1186 1311 Cicuta
1207 1246 1324 1311 refert:
1343 1247 1420 1322 29*

309 1348 430 1412 Omnia
450 1371 525 1412 cum
548 1348 650 1413 Bauio
673 1349 857 1436 communia
879 1349 980 1412 frater
1001 1347 1160 1428 habebat,
1253 1366 1257 1373 ·
1347 1340 1353 1350 ’

386 1451 534 1514 unanimi
556 1449 675 1513 iratres
695 1449 780 1512 sicut
798 1449 921 1512 habere
943 1449 1058 1514 solent.
1137 1432 1141 1448 ⁸

286 1542 388 1614 'rura
409 1552 540 1615 domum
561 1536 709 1614 nummos
731 1559 828 1641 atque
850 1551 958 1613 omnia
979 1550 1133 1635 denique:
1156 1559 1192 1612 ut
1213 1549 1306 1612 aiunt

164 1672 183 1711 ιι
388 1650 579 1736 corporibus
600 1650 741 1736 geminis
762 1651 895 1736 spiritus
918 1671 1004 1714 unus
1023 1660 1103 1712 erat.

310 1752 369 1815 sed
393 1762 566 1839 postquam
587 1751 722 1816 alterius
744 1752 861 1815 mulier
882 1749 1162 1829 ieoucubitum†
1228 1819 1231 1824 ,

302 1857 308 1869 ’
387 1854 496 1935 nouit,
520 1851 670 1938 deposuit
691 1852 774 1916 alter
795 1852 983 1916 amicitiam.

194 2105 251 2153 pore
270 2092 480 2153 conlaudarent.
512 2108 564 2143 nee
581 2091 639 2142 ullo
662 2098 810 2142 recusante
829 2092 972 2158 superauit
984 2106 1092 2154 omnes,
1111 2093 1140 2142 in
1160 2091 1220 2157 quis
1234 2096 1262 2141 et
1273 2092 1327 2141 La-

194 2157 299 2207 berium.
335 2160 409 2209 unde
428 2160 535 2210 Caesar
552 2160 680 2210 adridens
696 2159 749 2210 hoc
767 2160 847 2210 modo
864 2160 1068 2226 pronuntiauit:

333 2227 461 2278 Panente
480 2227 533 2278 tibi
551 2243 593 2278 me
611 2229 704 2277 uictus
723 2243 768 2290 es,
789 2228 907 2289 Laberi,
928 2244 944 2277 a
963 2227 1031 2292 Syro

194 2293 335 2358 statimque
353 2295 475 2345 Publilio
493 2294 613 2360 palmam
632 2302 660 2344 et
678 2295 799 2345 Laberio
818 2295 928 2344 auuluin
947 2308 1059 2344 aureum
1086 2310 1145 2344 cnm
1172 2294 1330 2359 quingentis

194 2363 324 2411 sestertiis
342 2362 428 2413 dedit
465 2367 532 2412 tnnc
550 2362 685 2412 Publilius
704 2363 739 2411 ad
757 2363 906 2412 Laberium
926 2362 1102 2412 recedentem
1121 2362 1175 2411 ait:

292 2464 300 2475 .
332 2430 450 2491 Quicum
468 2430 637 2480 contendisti
655 2430 787 2495 scriptor,
807 2430 878 2479 hunc
897 2435 1040 2494 spectator
1056 2429 1181 2480 sublena.

194 2495 236 2544 aed
254 2502 282 2546 et
300 2497 438 2564 Laberius
461 2498 589 2562 sequenti
607 2498 702 2546 statim
721 2498 913 2548 commissione
932 2497 1013 2547 mimo
1031 2513 1103 2547 nouo
1123 2497 1265 2546 interiecit
1279 2496 1330 2546 bos

195 2577 296 2613 uersus:

339 2624 399 2682 an
417 2638 534 2697 possunt
551 2633 631 2698 primi
650 2647 711 2682 esse
730 2649 823 2682 omues
842 2633 915 2681 omni
935 2633 962 2680 iu
981 2640 1113 2697 ternpore.

339 2716 471 2749 summum
491 2701 525 2749 ad
544 2701 657 2766 gradum
677 2715 738 2749 curn
758 2700 896 2749 claritatis
915 2703 1041 2761 ueneris,

340 2770 477 2818 consistes
497 2784 594 2832 aegre,
614 2784 648 2816 ne
668 2784 709 2816 me
729 2769 811 2817 citius
830 2768 952 2816 decidas.

341 2836 432 2885 cecidi
451 2851 518 2900 ego,
539 2836 621 2884 cadet
640 2837 685 2899 qui
704 2836 839 2898 sequitur:
876 2835 937 2883 laus
957 2840 999 2883 est
1016 2833 1155 2899 publicu.‘
1188 2862 1192 2871 .

270 2899 327 2952 *ll*
344 2903 529 2966 Hieronymus
552 2902 595 2952 Ol.
622 2902 685 2963 lat,
708 2903 733 2951 4.
760 2902 875 2952 Merkel.
895 2902 930 2951 ud
949 2902 1042 2952 Ovidii
1060 2903 1123 2951 lbin
1145 2919 1171 2966 p.
1196 2900 1246 2952 365
1265 2901 1330 2950 Cor-

194 2969 264 3018 uitiei
282 2986 379 3020 necem
399 2970 434 3020 ad
453 2969 555 3019 bellum
574 2971 735 3020 Perusinum
754 2969 857 3018 retulit.

271 3036 327 3091 '28⁴¹
345 3038 530 3103 Hieronymus
548 3037 591 3087 Ol.
613 3035 674 3099 186,
693 3038 716 3085 2.

271 3105 328 3160 29*
347 3105 527 3171 Philargyrus
545 3107 573 3154 iu
597 3105 677 3168 Verg.
698 3104 748 3154 ecl.
768 3104 873 3153 11190:
899 3105 952 3166 Qui
970 3105 1088 3152 Bauium
1108 3101 1172 3168 eto]
1193 3103 1269 3152 ‘duos
1289 3106 1332 3152 sui

193 3178 320 3238 temporis
339 3179 437 3238 poetas
455 3172 524 3222 dicit
537 3172 683 3237 pessimos,
704 3188 816 3235 quorum
830 3173 953 3221 earmina
967 3173 1001 3221 ob
1014 3171 1199 3220 bumilitatem
1219 3173 1332 3221 abiecta

193 3249 259 3290 sunt
296 3241 356 3291 uult
374 3257 440 3305 orgo
460 3247 556 3290 notare
576 3241 622 3303 qui
640 3247 704 3289 stunt
722 3240 829 3289 inimici
848 3239 973 3304 Virgilii,
993 3239 1039 3302 qui
1052 3239 1169 3287 Vauium
1189 3239 1206 3287 i.
1228 3256 1250 3288 e.
1271 3254 1332 3303 pes-

193 3309 285 3358 simum
304 3315 415 3375 poetam
440 3314 468 3358 et
491 3308 630 3357 Maeuium
655 3309 671 3355 i.
692 3324 715 3357 e.
736 3308 857 3371 peiorem
880 3312 1003 3371 poetam,
1028 3311 1058 3354 ut
1080 3305 1190 3370 duplum
1209 3306 1333 3355 babeant

194 3377 297 3426 malum.
342 3393 374 3425 ex
394 3376 493 3440 quibus
511 3376 640 3440 Vauius
659 3382 838 3423 curatore.
859 3392 882 3440 q.
902 3391 924 3423 s.
943 3374 976 3423 de
995 3375 1106 3423 Maeuio
1124 3373 1194 3422 nihil
1213 3374 1332 3437 repperi,

194 3453 220 3491 ut
239 3446 410 3494 Adannanus
432 3443 613 3501 (Haterianus
630 3445 695 3492 coni.
716 3443 860 3503 Dtibuerua)
885 3441 943 3490 ait!
982 3441 1072 3490 Sebol.
1097 3442 1178 3490 Bern.
1200 3441 1228 3489 in
1252 3440 1331 3489 eund.

193 3525 275 3560 vera:
299 3512 419 3561 ‘Bauius
439 3517 467 3560 ct
485 3511 611 3559 Maeuius
630 3510 682 3558 duo
700 3516 800 3574 poetae
819 3510 930 3572 pessimi
948 3509 1133 3558 Athenienses
1151 3508 1334 3570 (Haterianus

193 3582 332 3644 Sauppiaa,
359 3579 424 3627 ait·
449 3578 507 3640 eqo)
531 3578 572 3627 sui
597 3578 743 3641 temporis,
768 3593 800 3624 ex
826 3578 923 3640 quibus
948 3577 1051 3625 llauius
1075 3582 1186 3625 curator
1210 3576 1276 3636 luit,
1307 3581 1334 3623 ct

193 3649 287 3708 quilms
313 3648 404 3695 omma
434 3661 484 3694 sua
509 3652 587 3694 eraut
611 3646 780 3703 communia,
810 3652 839 3692 ut
861 3645 973 3707 spiritus
1001 3660 1071 3692 uuus
1096 3644 1213 3706 geminis
1238 3659 1332 3706 corpo·

194 3716 264 3762 ribus
288 3715 428 3764 dicoretur
451 3714 556 3771 inesse;
591 3714 639 3761 sed
668 3717 811 3776 postquam
841 3711 955 3760 alterius
979 3727 1044 3759 uxor
1072 3727 1132 3759 cum
1158 3711 1246 3758 altaro
1270 3725 1334 3758 cou-

193 3783 297 3832 cubuit.
319 3779 631 3842 auricitiarndissoluit,
651 3788 679 3828 et
703 3794 775 3828 noua
794 3795 880 3843 regua
898 3779 1047 3843 accipiunt.
1084 3778 1246 3827 ‹leMaeuio
1265 3777 1333 3826 nibil
1366 3772 1372 3785 '

193 3851 307 3914 repperi.
339 3864 452 3913 qucuum
466 3863 570 3912 quoque
585 3848 707 3896 carmina
721 3849 754 3896 ob
769 3847 950 3896 bumilitatem
971 3847 1083 3894 abiecta
1101 3851 1165 3893 stitit
1184 3853 1212 3896 et
1228 3845 1334 3894 inimici

278 4049 285 4096 Ι
312 4036 453 4094 desertus
478 4039 532 4092 BP
551 4034 712 4093 destitutus
742 4036 843 4107 (Scol.)
872 4029 922 4113 lli
952 4032 1164 4111 appellauerat
1185 4033 1259 4089 scat.
1282 4025 1335 4106 ΙΙ3

193 4131 294 4178 citant
306 4121 438 4198 insignia
451 4122 527 4177 Scol.
542 4116 556 4201 ll
571 4120 713 4179 lliavius
726 4118 829 4193 (Scol.)
842 4119 957 4175 Vauius
977 4122 1031 4175 BP
1043 4113 1056 4196 ll
1073 4116 1218 4190 Virgilius
1232 4115 1334 4185 (Scol.)

193 4203 196 4279 Ι
219 4207 248 4263 ἰιι
267 4226 322 4266 om.
344 4208 422 4264 Scol.
439 4200 453 4285 ΙΙ
468 4213 591 4283 datque
607 4205 707 4260 onmia
729 4202 859 4281 ‹leuique-
877 4204 1014 4259 Piraeeus
1033 4211 1064 4259 et
1081 4200 1212 4275 denique.
1235 4196 1335 4251 omnia

193 4295 268 4365 vraiqo
283 4285 297 4371 Η
316 4280 343 4351 11
358 4289 526 4347 communis
539 4290 658 4366 utrique
672 4289 815 4360 Scalipcr:
827 4285 1017 4344 concubitum
1027 4283 1336 4341 Purisieustsllr'ibueri

193 4371 203 4449 li
218 4376 377 4455 nupsituel
390 4373 477 4433 nubit
499 4375 719 4445 Oudendorpiua
732 4407 745 4449 „
763 4370 922 4428 conubium
937 4371 1058 4448 utrique
1070 4367 1154 4424 uouit
1164 4366 1335 4423 Frdlmerus
