2964 5002
674 385 716 430 nu
740 386 858 430 ronrrs
1296 366 1337 433 45

192 533 365 600 Maecenas
395 546 604 623 quantopere
633 558 706 601 eum
737 535 891 599 dilexerit
920 535 1001 598 sutis
1029 544 1172 598 teslatur
1194 535 1250 600 illo
1273 539 1339 621 epi·

192 648 390 722 grammate:

442 739 479 801 ni
503 749 537 802 tc
559 737 742 801 uisceribus
764 737 862 817 meis,
882 735 1017 815 Horati,

440 839 517 925 plus
539 840 604 902 iam
625 838 744 921 diligo,
766 846 801 900 tu
820 847 910 900 tuum
933 836 1076 900 sodalem
1182 854 1186 861 ·

171 967 182 1004 a
442 938 566 1003 Ninnio
588 939 705 1020 uideas
724 939 963 1021 strigosiorem:

193 1040 249 1103 aed
268 1039 377 1104 multo
396 1041 503 1123 magis
524 1040 678 1103 extremis
702 1039 833 1102 iudiciis
855 1038 915 1101 tali
938 1039 979 1100 ad
1001 1039 1190 1122 Augustum
1216 1037 1338 1122 elogio:

192 1140 323 1205 ‘Horati
336 1139 450 1204 Flacci
468 1154 505 1204 ut
521 1142 585 1203 mei
603 1149 671 1205 esto
685 1140 834 1203 memorl’
851 1140 1020 1223 Augustus
1036 1141 1244 1224 epistolarum
1263 1162 1339 1224 quo-

192 1264 254 1328 que
277 1245 309 1306 ei
333 1240 481 1305 officium
503 1242 634 1326 optulit,
664 1243 729 1325 (ut)
753 1240 817 1303 hoc·
843 1240 886 1303 ad
905 1240 1129 1304 Maecenatem
1152 1242 1272 1327 scripto
1298 1241 1340 1303 si-

193 1342 345 1427 gnificat:
389 1346 486 1406 ‘ante
506 1342 578 1427 ipse
607 1341 809 1405 sufficiebam
835 1340 1018 1404 scribendis
1048 1340 1192 1426 epistolis
1219 1342 1338 1404 amico-

166 1465 281 1524 urum,
310 1464 401 1506 nuno
427 1442 698 1528 occupatissimus
726 1454 758 1505 ct
779 1441 927 1505 infirmus
951 1440 1123 1504 Horatium
1151 1454 1297 1505 nostrum
1319 1464 1339 1505 a

146 1582 151 1593 ·
192 1552 223 1606 te
248 1544 349 1628 cupio
380 1541 557 1606 abducere.
602 1544 713 1605 ueniet
744 1564 821 1626 ergo
850 1541 892 1605 ab
927 1544 992 1606 ista
1019 1543 1197 1628 parasitica
1225 1565 1339 1606 mensa

193 1643 232 1705 ad
255 1643 342 1706 hanc
361 1643 487 1727 regiam
508 1654 542 1708 et
562 1664 621 1706 nos
643 1645 677 1706 in
697 1643 845 1729 epistolis
869 1642 1053 1707 scribendis
1076 1642 1275 1706 adiuuabit.’
1299 1666 1337 1706 ac

194 1767 234 1807 ne
255 1745 423 1807 recusanti
444 1744 576 1828 quidem
595 1753 653 1807 aut
675 1744 861 1807 succensuit
882 1745 1055 1829 quicquam
1071 1753 1134 1813 aut
1160 1746 1337 1807 amicitiam

194 1866 286 1907 suam
314 1846 467 1928 ingerere
489 1844 602 1908 desiits
641 1858 756 1909 extant
776 1843 948 1931 epistolae,
976 1867 994 1907 e
1016 1845 1134 1930 quibus
1155 1846 1337 1928 argumenti

167 1945 301 2030 agretia
336 1964 442 2030 pauca
474 1943 615 2009 subieci:
667 1952 775 2009 ‘suino
803 1944 864 2009 tibi
892 1945 1017 2030 aliquid
1050 1948 1131 2009 iuris
1159 1945 1245 2031 apud
1275 1967 1336 2028 me,

194 2056 360 2132 tamquam
385 2047 414 2108 si
443 2046 611 2118 conuictor
639 2046 721 2110 mihi
746 2046 865 2128 lueris;
913 2057 1001 2109 recte
1029 2049 1115 2111 enim
1145 2055 1177 2110 ct
1204 2069 1269 2111 non
1291 2056 1336 2109 te·
1379 2086 1383 2092 ·

195 2169 282 2210 mere
305 2147 441 2228 leceris,
463 2147 617 2233 quoniam
637 2146 682 2229 id
694 2168 773 2211 usus
788 2146 869 2209 mihi
884 2155 991 2210 tecum
1012 2169 1082 2210 esse
1105 2146 1208 2228 uolui,
1232 2148 1259 2210 si
1278 2168 1337 2232 per

194 2247 408 2311 ualitudinem
431 2256 524 2311 tuam
549 2247 618 2312 lieri
646 2248 775 2335 possit!
808 2257 840 2310 et
866 2269 995 2312 rursus:
1035 2251 1100 2312 ‘tui
1125 2248 1253 2334 qualem
1282 2252 1336 2311 ha·
1408 2264 1412 2272 '

194 2347 288 2412 bearn
310 2349 520 2429 memoriam,
542 2351 662 2434 poteris
685 2371 727 2412 ex
749 2349 905 2436 Septimio
927 2369 1055 2434 quoque
1076 2359 1187 2413 nostro
1204 2349 1335 2431 audir03

167 2469 267 2512 unam
297 2449 414 2512 incidit
442 2459 479 2512 ut
506 2447 561 2512 illo
589 2451 707 2514 corarn'
727 2451 819 2513 lieret
845 2471 865 2512 a
892 2471 942 2512 me
972 2451 1020 2533 tui
1047 2452 1179 2514 mentio.
1230 2472 1335 2534 neque

193 2554 276 2614 enim
307 2551 333 2611 si
364 2557 400 2611 tu
427 2550 588 2635 superbus
617 2531 794 2614 amicitiam
819 2543 964 2614 'nostram
989 2553 1157 2636 spreuisti,
1183 2550 1256 2611 ideo
1277 2570 1335 2611 nos

192 2674 321 2737 quoque
343 2642 730 2734 dudvnepnpuuoripsuj
750 2661 920 2738 practerea
935 2673 1032 2736 saepe
1050 2674 1123 2714 eum
1148 2653 1231 2712 inter
1253 2648 1334 2712 alios

278 2905 286 2952 1
308 2891 450 2949 dilexerit
463 2911 495 2960 ς,
519 2893 665 2950 Minonis:
686 2891 792 2950 dilexit
812 2895 922 2949 ABDE
943 2896 1055 2949 ananau
1076 2896 1103 2949 in
1127 2893 1149 2949 C
1161 2887 1174 2969 Η
1191 2888 1333 2969 testatur]

191 2987 375 3034 monstratur
394 2972 445 3055 ΒΗ
462 2985 479 3036 3
495 2975 599 3035 horaci
615 2979 638 3034 G
653 2978 695 3045 (ut
711 2981 832 3052 uidetur)
852 2980 880 3033 E
892 2971 906 3056 Η
921 2991 938 3036 4
959 2985 991 3033 tu
1013 2986 1096 3034 tuum
1110 2978 1270 3055 slllrtri‘tus:
1288 2985 1333 3032 tn·

190 3072 252 3118 tum
266 3060 372 3118 Acus
381 3060 487 3119 'Pirum
500 3063 630 3118 Nunnius
645 3058 658 3141 Η
673 3073 689 3122 5
705 3061 817 3118 Ninnio
830 3063 861 3118 P.
879 3063 1028 3117 Pithoeus:
1040 3062 1131 3117 nimio
1144 3062 1193 3117 Ac
1204 3063 1335 3119 illurclus

190 3147 281 3203 minio
304 3147 438 3203 Nunnius
457 3145 538 3202 ninio
561 3148 588 3201 1)
606 3145 696 3203 niuno
718 3148 761 3202 nel
774 3147 863 3202 mimo
879 3149 907 3201 E
924 3145 1015 3201 lrirmo
1030 3164 1077 3201 me
1094 3148 1249 3201 Lambinus
1268 3144 1334 3202 hin·

190 3229 264 3346 uuio¹
283 3231 508 3303 Oudendorpius
525 3229 605 3288 mulo
625 3250 673 3288 me
696 3232 912 3303 Baumpurten-
925 3230 1044 3285 Crusius
1060 3228 1162 3285 innulo
1180 3232 1301 3286 Rothius
1316 3225 1335 3310 Η

220 3311 248 3342 ·Ι·
267 3309 415 3355 itigiosrurern

190 3363 396 3439 strigosiorem
414 3367 443 3421 Ε
455 3368 520 3421 item
540 3370 568 3421 in
585 3370 608 3421 Α
632 3383 723 3437 supro
747 3366 879 3439 st1·ig.m.
899 3381 957 3421 rec.
977 3367 1116 3435 scriptum
1137 3373 1180 3419 cst
1195 3363 1332 3438 litigisio-

189 3467 253 3506 rem
267 3444 282 3528 Η
296 3457 313 3510 6
329 3447 448 3507 iudiciis
465 3467 518 3506 om.
538 3451 566 3505 B
580 3444 623 3530 N7
640 3448 738 3507 horati
754 3452 807 3504 AB
822 3449 926 3506 horaci
938 3450 966 3503 Ε
981 3447 1091 3505 horatii
1108 3451 1130 3504 C
1150 3449 1193 3516 (ut
1209 3452 1331 3520 uidetur)

189 3534 215 3588 Ι)
235 3527 249 3613 Η
269 3554 303 3592 es
327 3544 393 3610 tote
416 3536 443 3590 D
461 3528 474 3611 Η
495 3534 650 3609 Augustus
673 3553 690 3592 e
713 3533 868 3591 istolarum
886 3565 928 3574 -
952 3533 991 3604 (p.
1011 3523 1064 3600 47ss
1089 3539 1119 3606 l)
1144 3530 1258 3591 Cacsar
1278 3552 1331 3590 οηι.

190 3618 233 3695 ςΗ
248 3629 266 3680 8
281 3619 309 3675 ci
333 3621 438 3676 aaa
457 3613 470 3696 N
492 3617 599 3676 obtulit
615 3622 671 3674 BE
688 3554 710 3696 Η
724 3628 757 3674 ut
780 3621 887 3675 urldidit
907 3620 1060 3674 Lanibinus
1075 3611 1087 3696 Η
1108 3628 1138 3675 10
1158 3637 1175 3673 a
1192 3626 1222 3674 te
1244 3619 1332 3694 cupio

189 3703 341 3761 abducere
358 3707 491 3760 Nunnius
505 3711 534 3760 te
552 3704 640 3780 cupio
660 3701 813 3760 abducere
825 3704 876 3758 Al)
888 3711 919 3759 te
931 3703 1017 3779 cupio
1031 3700 1183 3759 adducere
1199 3705 1222 3758 t'
1239 3704 1281 3771 (ul
1295 3707 1331 3759 ui-

187 3791 282 3860 uetur)
296 3790 325 3843 E
339 3790 472 3845 Muretus
494 3783 499 3865 Ι
518 3797 548 3846 12
560 3786 676 3844 iuuabit
691 3789 858 3843 ENunnius
878 3781 891 3867 Η
916 3797 947 3847 13
965 3796 1017 3845 aut
1029 3806 1081 3843 ona.
1098 3788 1120 3841 (¹
1132 3779 1145 3865 Η
1163 3788 1332 3843 suscensuit

187 3877 210 3928 A
224 3870 237 3951 Η
253 3873 426 3930 amiciciam
449 3872 471 3926 C
492 3866 496 3949 Ι
514 3871 695 3946 llingcrerc
711 3873 768 3927 ΒΕ
780 3871 925 3946 ingerere
941 3873 992 3928 ΑΙ)
1006 3875 1120 3928 erramus
1135 3876 1163 3927 in
1181 3867 1227 3949 ΡΗ
1245 3890 1332 3945 argu·

187 3968 288 4014 menta
298 3976 394 4033 greca
406 3958 435 4012 Ε
448 3949 462 4035 Η
481 3965 509 4016 ln
522 3956 627 4012 uirisA
643 3950 656 4036 N
674 3965 704 4018 16
716 3965 766 4012 lan
791 3974 860 4012 uam
870 3957 946 4012 CNE
958 3951 972 4038 Η
989 3957 1069 4013 enim
1081 3975 1133 4012 om.
1146 3959 1197 4012 Ee
1211 3957 1332 4024 (relictui

182 4043 232 4113 sol.
245 4046 336 4100 Iacer.
347 4045 511 4114 perierunt)
526 4042 550 4095 Ι)
565 4034 578 4118 Η
597 4047 625 4100 17
638 4040 735 4098 uoluit
749 3976 797 4119 ΟΗΙ
812 4048 844 4095 ut
856 4039 881 4096 si
893 4042 919 4095 Ι)
934 4034 948 4120 Η
966 4051 997 4102 111
1010 4039 1215 4097 ualetudinem
1231 4040 1335 4093 13qu

185 4122 198 4204 ΙΔ
214 4123 328 4204 habeo]
343 4125 394 4183 hal
419 4124 494 4191 (rell.
513 4126 796 4198 sumersetensi)
817 4118 831 4204 Η
855 4134 884 4184 111
903 4126 1016 4199 poteris
1034 4125 1205 4181 memoriam
1229 4123 1257 4175 Ε
1270 4114 1282 4196 Η
1299 4130 1333 4178 211

184 4208 265 4288 uam]
279 4211 308 4269 N
323 4212 398 4273 (rell.
411 4211 573 4281 perierunt)
586 4210 613 4264 [1
629 4202 643 4287 Η
658 4229 759 4266 coram
768 4204 867 4283 lieret]
886 4219 968 4264 corel
984 4211 1004 4265 C
1019 4205 1031 4285 Η
1047 4230 1064 4265 a
1079 4228 1126 4264 mo
1136 4203 1192 4281 tui]
1210 4203 1331 4290 amictui

183 4299 209 4353 E
219 4295 232 4376 N
249 4296 371 4354 mencio
393 4294 445 4348 ΟΕ
459 4285 471 4368 Η
487 4311 760 4370 neque—quoque
780 4312 832 4348 om.
851 4294 873 4348 C
885 4286 899 4372 Η
914 4301 941 4351 21
963 4290 1008 4368 tu]
1024 4303 1034 4348 1
1051 4292 1086 4363 (s.
1096 4292 1128 4364 1.)
1152 4293 1176 4346 I)
1197 4281 1209 4365 Η
1231 4292 1264 4341 22
1279 4305 1331 4339 uu-

181 4376 462 4459 θνπεριρανούμεν
480 4395 556 4434 corr.
574 4380 720 4434 Nunnius:
737 4394 994 4448 aurnunspuunrueu
1008 4378 1111 4433 ACDE
1125 4384 1261 4446 αντηοφᾱ
