2964 5002
358 362 600 407 sreensusnra
621 362 711 403 eruar
733 363 776 404 us
799 361 886 405 anuo
909 360 1113 405 nouauoarn
1251 336 1309 401 187

164 518 264 579 practer
280 530 367 564 unrrm
378 513 565 564 Februarium
580 514 662 580 inpar
678 530 805 565 numerus
818 517 985 564 seruaretur.
1007 528 1072 564 uam
1090 512 1154 576 quia
1166 508 1309 560 duodecim

165 597 273 645 nenses,
285 582 311 632 si
323 582 427 647 singuli
441 588 492 632 aut
504 582 564 649 pari
577 589 624 631 aut
637 583 727 647 inpari
740 597 853 633 numero
865 586 1035 647 putarentur,
1049 579 1311 631 consummationem

164 665 248 714 parcnt
262 650 402 712 lacerent,
414 666 487 699 rmus
500 650 560 715 pari
571 665 683 701 nrrnrero
690 651 830 699 institutus
841 652 998 700 uniuersam
1005 650 1174 715 putmionem
1187 647 1310 710 inparem

166 716 233 767 lecit,
244 718 269 767 li.
280 718 430 769 Ianuarius
441 718 527 783 igitur
535 718 637 783 Aprilis
647 716 1310 783 IuniusSextilisSeptemberNouembcrlleceur-

166 785 206 833 ber
215 784 405 835 undetricenis
419 786 607 835 censebantur
622 786 720 835 diebus
736 792 765 835 et
778 785 925 849 quintanas
941 786 1035 835 Nonus
1048 785 1190 835 habebant
1204 798 1237 832 ae
1250 784 1312 845 post

166 852 220 903 lrlus
233 856 261 903 in
271 854 432 903 omnibusn.
446 852 473 902 d.
487 853 632 919 septimum
643 854 926 903 decimumKalerulas
940 853 1150 916 conputabatur.
1164 848 1312 899 7.lllartius

167 920 460 984 acroilaiusQuiutilis
473 922 631 971 otOetober
642 920 702 971 dies
716 922 835 971 tricenos
848 921 970 986 singulos
976 920 1163 986 possidebant.
1175 918 1273 967 Nouae.
1284 916 1311 964 in

167 986 202 1037 lia
212 990 388 1055 septimanae
402 993 496 1043 erant:
509 988 689 1052 similiterque
702 989 833 1053 postldus
845 989 941 1039 decem
954 996 982 1039 et
993 989 1167 1054 scptcnrrlies
1180 986 1207 1035 in
1219 987 1311 1046 singu-

167 1054 287 1123 lisusquc
302 1058 337 1107 ad
350 1062 501 1121 sequentes
514 1055 655 1106 Kalendas
667 1057 849 1121 putabantur:
873 1057 922 1107 sed
940 1056 1014 1107 solus
1027 1055 1194 1107 Februarius
1211 1051 1312 1115 triginti

168 1128 191 1171 tl
202 1136 262 1177 ueto
276 1124 392 1175 retinuit
403 1123 479 1185 (lies,
493 1124 572 1189 quasi
585 1124 682 1173 inferis
695 1129 724 1173 et
735 1124 884 1173 deminutio
898 1130 926 1173 et
938 1141 989 1190 par
1000 1139 1129 1174 nurncrus
1141 1120 1311 1172 conueniret

167 1194 256 1246 deum
272 1209 341 1257 crgo
356 1192 474 1241 Romani
493 1207 526 1241 es
541 1191 594 1241 bae
611 1191 802 1242 distributione
816 1192 943 1257 Pompilii
962 1192 996 1242 acl
1014 1192 1096 1241 lunae
1116 1204 1224 1241 cursum
1242 1187 1314 1237 sicut

168 1262 263 1315 Graeci
273 1275 376 1310 sunum
393 1258 532 1325 proprium
551 1265 747 1324 conmitterent,
765 1261 924 1309 necessario
943 1266 970 1311 et
983 1259 1177 1309 intercalarem
1190 1270 1312 1305 mensem

168 1331 340 1383 instituerunt
350 1342 427 1377 more
441 1330 619 1376 Graecorum.
642 1326 668 1375 ll.
687 1342 751 1377 natu
770 1333 797 1376 et
811 1326 911 1377 Graeci
929 1344 989 1378 cum
1003 1327 1254 1377 animaduerterent
1271 1327 1312 1372 te-

169 1416 234 1449 nere
251 1412 284 1447 se
302 1394 437 1445 trecentis
456 1394 803 1460 quinquagintaquattuor
820 1394 916 1445 diebus
934 1396 1076 1445 ordinasse
1090 1408 1189 1443 anuum
1203 1419 1235 1427 -
1248 1406 1313 1454 quo·

168 1468 233 1517 niam
252 1467 405 1528 appareret
421 1461 455 1512 dc
473 1460 540 1510 selis
558 1477 647 1522 ernau,
666 1463 712 1527 qni
729 1464 862 1512 trecentis
881 1464 1028 1527 sexaginta
1041 1462 1158 1527 quinque
1171 1458 1268 1509 diebus
1286 1460 1314 1506 et

168 1532 315 1601 quadrante
329 1530 474 1580 zodiacum
488 1528 612 1591 conticit,
625 1530 724 1580 ‹leesss
739 1546 810 1579 nuno
821 1545 869 1579 suo
882 1524 1008 1581 undecim
1020 1531 1080 1579 dies
1094 1536 1122 1579 et
1134 1527 1313 1593 quadrantem

167 1596 386 1651 -intcrealares
398 1598 588 1647 staturatione
601 1598 747 1647 commenti
760 1602 830 1657 srrrrt,
844 1598 886 1647 ita
897 1604 926 1647 ut
940 1604 1038 1648 octaua
1049 1613 1154 1663 qnoque
1166 1610 1237 1645 anno
1247 1610 1313 1643 uon-

167 1670 256 1735 aginta
265 1666 338 1727 dics,
352 1681 386 1715 ex
400 1664 498 1729 quibus
511 1670 568 1715 tres
579 1680 689 1715 meuses
701 1666 835 1715 tricenum
848 1666 951 1715 ‹lieurm
965 1670 1179 1731 conposuerunt,
1193 1664 1313 1712 interca-

166 1738 259 1787 larent.
277 1732 318 1782 10.
332 1732 361 1783 id
373 1732 475 1783 Graeci
487 1730 621 1790 fecerunt,
635 1733 763 1796 quoniam
776 1739 837 1782 crat
849 1750 993 1798 operosum
1007 1740 1088 1799 atque
1100 1730 1215 1782 ‹lilticile
1228 1729 1312 1779 orrrui-

168 1806 211 1855 bus
224 1802 307 1853 arrrris
319 1800 449 1850 undecim
461 1799 520 1849 dies
534 1805 561 1848 et
573 1800 753 1864 quadrantem
765 1800 943 1851 intercalare.
967 1804 1060 1866 itaque
1074 1800 1228 1850 maluerunt
1240 1797 1312 1846 lintre

167 1884 303 1921 nutrierunt
315 1870 404 1919 octies
416 1866 614 1930 multiplicare,
628 1876 657 1917 et
667 1869 821 1933 nonaginta
834 1869 908 1930 (lies,
922 1872 966 1933 qui
979 1874 1128 1920 irascuntur
1140 1868 1163 1917 si
1176 1865 1315 1931 quadrans

167 1956 220 1989 euru
233 1936 334 1987 diebus
346 1934 474 1985 rutdeeim
486 1936 574 1984 octies
586 1941 772 2000 conponatur,
792 1938 913 1987 inserere
926 1938 954 1987 in
967 1944 1023 1987 tres
1035 1952 1144 1987 menses
1156 1940 1187 1984 ut
1198 1934 1315 1983 ‹lixirnus

167 2004 383 2057 distribuendos:
397 2004 449 2053 lros
460 2002 520 2052 dics
532 1992 771 2067 ὑπερβαίνοντας,
783 2020 892 2055 menses
905 2021 970 2055 uere
983 1996 1154 2070 ἐμβολίμους
1168 2000 1315 2067 appellita-

167 2076 239 2125 bant.
259 2071 300 2121 ll.
318 2071 392 2119 luure
410 2086 477 2133 erpo
489 2070 611 2121 ordinem
626 2071 756 2121 Romanis
769 2087 875 2137 quoqne
889 2073 991 2123 imitari
1008 2072 1126 2137 placuit:
1140 2070 1189 2121 sed
1202 2070 1313 2124 frustra,

168 2142 262 2207 quippe
279 2140 354 2205 fugit
371 2154 420 2189 eos
437 2136 510 2187 diem
527 2153 618 2201 rrnuur,
636 2139 709 2189 sicut
726 2155 809 2205 supra
827 2141 1039 2197 arnmonuiums,
1060 2140 1181 2189 additum
1199 2154 1216 2187 a
1233 2152 1262 2185 se
1281 2135 1315 2185 ad

168 2212 302 2261 tiraecum
312 2221 456 2256 numerum
468 2205 638 2257 inhonorem
652 2207 755 2272 inparis
767 2208 883 2257 rrrrnreri.
897 2224 931 2257 ea
943 2224 972 2258 rs
986 2224 1035 2272 per
1047 2206 1202 2257 octennium
1216 2219 1315 2254 conue-

168 2280 221 2327 nire
234 2289 366 2325 ursmarus
378 2282 462 2337 utque
475 2272 541 2323 ordo
553 2290 607 2325 uon
620 2280 738 2339 poterat.
754 2274 793 2324 12.
807 2275 856 2325 sed
868 2276 987 2326 nondum
1005 2276 1056 2325 lroe
1075 2290 1166 2325 errore
1184 2276 1316 2337 conperto

169 2362 213 2411 per
224 2354 288 2393 octo
302 2342 552 2405 annosuonagiuta
564 2342 642 2407 qnasi
655 2342 1065 2406 superlumlcndosGraecorum
1078 2340 1202 2405 exemplo
1216 2353 1315 2402 conpu-

169 2412 263 2463 tabaut
273 2410 345 2471 dies,
359 2408 529 2472 alternisque
543 2411 623 2459 arinis
639 2410 719 2461 binos
737 2416 765 2459 et
777 2410 890 2462 uicenos
909 2410 1023 2460 alternis
1039 2417 1132 2459 ternos
1150 2407 1316 2469 uicenosque

170 2478 369 2530 intercalantes
387 2477 579 2541 esperrsabant
591 2477 849 2528 intercalationibus
867 2484 1003 2542 quattuor.
1028 2478 1077 2527 scd
1095 2481 1193 2526 octauo
1210 2488 1316 2537 quoquc

171 2564 238 2597 auno
251 2544 438 2595 intercalares
451 2549 513 2594 octo
526 2545 680 2594 affluebant
692 2546 750 2595 dies
764 2561 798 2595 es
810 2546 925 2611 singulis
938 2546 1037 2610 ‹pribns
1047 2543 1181 2593 uertentis
1192 2541 1256 2590 anni
1269 2555 1316 2589 nu·

172 2630 267 2665 merum
282 2612 356 2678 apud
362 2612 502 2661 Romanos
514 2628 596 2677 strper
609 2613 745 2663 Graccum
759 2613 913 2663 abundasse
928 2614 982 2663 iarn
995 2613 1118 2662 diximus.
1136 2609 1174 2660 13.
1187 2609 1239 2658 boc.
1253 2623 1317 2671 quo·

172 2699 217 2747 quc
228 2697 322 2731 errore
335 2681 391 2730 ianr
405 2679 516 2743 contrito
528 2680 597 2729 haec
610 2682 719 2745 species
733 2681 933 2731 emendationis
952 2682 1063 2731 inducta
1082 2686 1132 2729 est.
1159 2677 1240 2726 tertio
1253 2689 1316 2738 quo-

173 2768 218 2815 que
236 2748 366 2799 octennio
386 2748 428 2796 ita
446 2747 650 2797 intercalandos
668 2749 867 2814 dispensabunt
884 2749 958 2805 «lies,
980 2755 1082 2798 utnon
1100 2746 1253 2811 nonaginta
1269 2741 1318 2791 sed

174 2818 315 2883 usagiuta
328 2832 377 2865 ses
391 2814 597 2873 intercalarent,
611 2818 788 2882 conpensatis
800 2817 898 2881 triginti
913 2822 940 2866 ct
952 2822 1080 2880 rprnttuor
1092 2815 1188 2864 clielurs
1200 2828 1249 2877 pro
1263 2810 1318 2858 illis

174 2888 213 2951 qui
225 2902 276 2951 per
287 2884 402 2933 totidem
417 2898 504 2931 arrnos
521 2899 604 2947 supra
617 2882 785 2935 Graecorum
797 2901 937 2934 nrmrcrum
950 2891 1104 2934 creturant
1133 2882 1171 2930 l-t.
1185 2880 1257 2931 oruui
1271 2894 1317 2927 au-

176 2964 224 3003 tern
237 2950 446 3001 intercalationi
457 2951 731 3002 rucusisFelrruarins
743 2953 889 3016 deputat-us
900 2960 950 3009 cst,
964 2953 1090 3016 quoniam
1101 2952 1124 3000 is
1134 2950 1244 2999 ultimus
1254 2946 1318 2995 nrrni

176 3025 241 3071 crat:
252 3019 326 3085 quod
340 3020 425 3067 ctiam
439 3018 526 3083 ipsum
538 3018 572 3068 de
586 3020 752 3069 Graecorum
766 3020 919 3069 imitatione
933 3020 1084 3069 iaciebant.
1110 3035 1173 3068 narn
1187 3022 1215 3065 ct
1228 3015 1265 3065 illi
1279 3013 1318 3062 ul-

176 3089 235 3137 timo
247 3088 315 3137 muri
328 3086 369 3135 sui
384 3086 472 3135 mensi
484 3087 635 3150 supertluos
647 3088 852 3137 interserebant
864 3088 923 3136 dies
935 3093 965 3136 ut
983 3087 1068 3135 refert
1086 3086 1256 3150 Glaucippus
1275 3082 1319 3146 qni

177 3155 308 3205 desereris
325 3153 534 3203 Atheniensium
553 3155 670 3220 scripsit.
697 3156 736 3205 15.
756 3172 850 3206 uerum
869 3171 923 3204 nna
941 3170 969 3203 rc
984 3171 1001 3203 a
1014 3153 1130 3203 t'lraecis
1145 3151 1318 3201 ditl'erelrnnt.

178 3238 232 3273 nam
244 3223 284 3273 illi
298 3222 429 3272 conlecto
442 3220 536 3271 ultimo
553 3238 662 3280 nrcnse,
681 3224 797 3274 Rotnani
810 3240 865 3272 non
882 3224 1009 3273 conlecto
1023 3222 1174 3270 Februario
1193 3220 1240 3269 sed
1259 3224 1321 3283 post

178 3291 331 3341 uicesimum
348 3295 377 3339 et
394 3290 504 3338 tertium
522 3290 593 3339 diem
613 3293 671 3340 eius
688 3292 901 3347 intercalabant,
926 3288 1129 3339 'l'crnrinalilrus
1145 3288 1252 3338 scilieet
1267 3286 1321 3335 ium

179 3359 305 3423 peractis:
318 3356 420 3407 deinde
433 3357 552 3421 reliquos
563 3358 708 3408 Februarii
720 3360 822 3409 mensis
835 3359 903 3415 clins,
916 3359 960 3424 qni
975 3367 1054 3407 eraut
1067 3358 1194 3421 quinque,
1207 3360 1269 3420 post
1280 3354 1320 3402 in·

179 3426 381 3477 terealationcm
395 3425 613 3489 sulriungebant:
633 3427 714 3476 credo
728 3434 822 3476 uetere
836 3426 978 3491 religionis
992 3442 1059 3475 srrrre
1073 3440 1156 3481 more,
1176 3428 1205 3471 ut
1217 3421 1320 3471 Febru-

180 3495 257 3544 arium
275 3493 349 3543 onrni
368 3492 449 3541 modo
466 3493 583 3543 Martius
602 3502 824 3559 eorrscqrnuctur.
851 3494 890 3543 lu.
911 3495 959 3544 scd
972 3510 1032 3543 oum
1052 3509 1136 3556 saepe
1156 3490 1281 3541 eueniret
1293 3493 1323 3538 ut

179 3562 311 3611 nurrdiuae
324 3559 406 3610 modo
418 3560 447 3608 in
460 3561 524 3609 anui
537 3563 688 3627 principem
706 3563 778 3610 diem
792 3562 871 3611 rrrorlo
884 3563 911 3611 in
925 3563 1018 3611 Narras
1033 3562 1164 3611 crulcrcut
1178 3586 1204 3592 --
1222 3564 1322 3606 utrum-

179 3646 224 3693 que
237 3634 329 3678 autern
338 3629 522 3693 perniciosum
535 3630 574 3678 rei
588 3630 715 3695 publicae
729 3630 1071 3694 putubatur-remedium
1085 3644 1137 3692 spuo
1149 3627 1200 3677 hoc
1215 3632 1323 3675 arrcrtc·

180 3706 244 3748 retur
257 3697 447 3757 excogitatum
461 3702 514 3744 cst:
530 3698 600 3761 quod
614 3698 777 3762 aperiemus,
792 3699 813 3747 si
828 3698 902 3761 prius
915 3698 1114 3747 ostenderinms
1128 3711 1175 3745 cur
1185 3694 1323 3743 nundinae

180 3766 216 3815 uel
229 3765 324 3831 priruis
338 3762 473 3812 liulendis
487 3765 529 3813 rel
543 3767 630 3814 Nonis
648 3766 773 3814 onmilrus
787 3765 966 3815 crrrrcbuutur.
983 3766 1021 3814 17.
1036 3781 1099 3813 nam
1113 3764 1238 3827 quotiens
1256 3761 1323 3810 inci-

180 3834 346 3897 picutcanuo
359 3830 419 3879 (lices
432 3833 524 3896 coepit
538 3834 582 3898 qui
597 3835 721 3884 addictus
735 3840 774 3880 cst
790 3834 926 3887 nuudinis.
940 3835 1027 3882 onrnn
1040 3832 1087 3881 illc
1102 3829 1325 3880 aurursinfaustis

181 3901 283 3950 casibus
301 3900 443 3947 luctuosus
461 3899 526 3949 suit:
547 3903 719 3965 struximequc
739 3901 892 3965 lnpirlinuo
911 3900 1024 3949 turnultu
1044 3900 1136 3963 opinio
1150 3900 1203 3947 istu
1217 3897 1325 3946 lirrnnta

182 3976 226 4017 est.
241 3966 377 4017 lunonis
390 3974 481 4016 autem
495 3975 646 4019 corrrrcntus
659 3970 805 4018 uniuersae
819 3967 999 4016 rnultiturlinis
1010 3967 1137 4016 uitandus
1148 3963 1323 4015 cmistirnalru·

181 4040 225 4091 tur,
241 4034 372 4101 quonium
386 4035 500 4099 populus
514 4037 652 4086 llomanus
670 4036 778 4086 cucutia
791 4037 875 4085 etium
896 4036 1005 4095 reeilms
1018 4035 1088 4083 dictu
1102 4034 1172 4082 lurnc
1186 4034 1323 4081 Norrnrurn

183 4105 291 4153 maxime
306 4100 478 4159 celebrabat,
487 4120 564 4167 quem
572 4104 693 4153 natalem
700 4104 788 4152 Servii
796 4104 880 4153 'l'ullii
888 4103 1063 4152 exterruerat
1072 4120 1078 4150 ε
1090 4103 1162 4164 quia.
1170 4116 1228 4148 eum
1237 4101 1323 4146 itu-cr·

183 4175 315 4221 tumessct
328 4184 381 4233 qno
395 4186 487 4218 ntrcrrse
499 4172 724 4221 tiernius'l'ullius
737 4179 819 4220 uatus
833 4172 940 4226 suisset,
954 4171 1039 4219 Nonis
1053 4176 1145 4218 tumen
1157 4172 1248 4215 nutum
1263 4180 1323 4213 carm

184 4244 327 4295 constaret,
338 4239 530 4289 omneab'onas
543 4239 646 4288 celebri
659 4240 758 4287 notitia
773 4238 1001 4303 lreqruntnlumt:
1014 4237 1117 4285 ruritos
1131 4250 1196 4297 creo
1210 4233 1253 4295 qui
1267 4231 1323 4280 dic·

185 4306 227 4357 bu
241 4313 407 4375 praeerant,
426 4322 460 4355 uc
475 4308 537 4370 quid
551 4308 678 4355 nundinis
697 4306 815 4356 collecta
832 4305 999 4354 uniuersitas
1016 4303 1051 4351 ob
1069 4302 1232 4350 desiderium
1251 4298 1325 4359 regis

186 4380 303 4441 maret,
316 4375 424 4425 cauisse
438 4378 467 4422 ut
479 4376 574 4424 Nonae
588 4391 604 4424 a
617 4375 744 4423 nundinis
761 4380 985 4440 segregarentur.
1003 4369 1040 4418 ln.
1055 4369 1125 4419 uude
1139 4369 1198 4418 dies
1210 4366 1258 4417 ille
1271 4379 1324 4431 quo
