2964 5002
164 363 225 424 516
581 377 613 420 nt
628 377 727 420 vrrau
742 376 892 418 nannum

165 516 343 592 Suetonium
357 530 491 588 locutum
507 529 711 608 omissamque
727 527 887 587 alibrariis
901 525 1085 586 vocabulum
1097 527 1141 586 sic
1157 547 1305 587 revocan-

166 634 237 693 dum
253 653 338 693 esse:
356 650 405 691 sen
421 635 537 689 studio
548 634 726 706 percipiendi
736 633 906 689 Graecorum
921 634 1040 687 institute
1055 614 1210 705 moresque.
1229 630 1307 689 Nam

166 746 197 796 ct
213 736 316 795 durior
332 743 378 794 ost
393 753 483 813 quam
499 733 551 815 qui
572 733 645 793 satis
665 733 788 812 placeat
803 731 935 811 simplex
950 733 1128 806 percipiendi
1146 734 1307 809 genetivus
1340 800 1341 804 η

167 858 183 897 e
200 857 382 917 praegresso
400 824 619 915 entcseo'aptus,
644 843 674 894 et
692 834 809 913 aliquid
829 833 966 911 languidi
984 832 1079 892 habet
1096 832 1179 913 quod
1201 854 1219 893 e
1240 855 1307 914 pro·

167 940 231 999 dita
250 940 280 998 in
295 942 349 996 AB
364 939 510 998 memoria
519 939 703 1012 percipienda
719 935 1008 1013 codexRegiuensis
1026 934 1144 994 effecit:
1165 940 1205 994 ud
1218 942 1310 1012 perei-

161 1046 277 1119 piendc.
315 1041 396 1101 Casu
413 1041 527 1098 facturn
549 1046 597 1097 est
619 1048 650 1097 ut
673 1039 705 1096 in
724 1058 780 1097 sua
796 1039 860 1097 vita
875 1037 1014 1096 Terentii
1035 1041 1125 1096 studio
1144 1057 1209 1098 cum
1229 1042 1309 1098 deeli-

167 1147 256 1202 nundi
268 1145 324 1202 odii
338 1152 393 1201 tum
406 1145 510 1200 Graeci
522 1145 625 1216 inpenii
634 1144 836 1214 perscrutandi
847 1139 1035 1198 Polentonus
1053 1149 1194 1217 poneret.

251 1245 326 1322 Peg.
340 1244 380 1305 82
389 1289 397 1316 ‚
411 1243 430 1304 'l
446 1244 519 1301 item
533 1241 707 1321 probandus
723 1242 854 1302 Rothius
871 1241 953 1323 quod
967 1262 1021 1300 non
1031 1245 1153 1314 perinde
1173 1262 1210 1302 ex
1227 1248 1252 1301 A
1265 1263 1310 1303 re-

167 1349 264 1427 cepit,
280 1347 338 1406 hac
357 1345 524 1405 sententia:
546 1348 666 1423 ‘utpote
687 1365 763 1423 quos
784 1330 917 1404 nondum
932 1343 1006 1403 sutis
1024 1343 1064 1401 ad
1080 1344 1242 1405 veritatem
1260 1365 1310 1405 ex·

166 1450 332 1529 primeret.’
365 1448 540 1527 Simplicem
558 1448 648 1519 euim,
667 1466 748 1527 quae
762 1447 906 1524 vulgatur
922 1447 988 1505 sine
1003 1446 1177 1522 negatione,
1194 1451 1312 1521 perinde

167 1551 347 1630 particulam
364 1551 422 1609 etsi
444 1551 522 1608 ratio
544 1547 667 1629 quidem
687 1568 747 1607 non
767 1547 908 1628 prohibet
924 1548 1081 1626 quominus
1101 1549 1147 1606 sic
1163 1549 1310 1628 interpre-

167 1664 233 1712 tera
254 1655 302 1711 ‘ut
318 1673 370 1712 eos
386 1670 510 1730 prorsus
526 1649 565 1709 ad
582 1651 743 1709 veritatem
759 1650 968 1729 exprimeret',
983 1662 1084 1707 tumen
1100 1649 1186 1708 aliud
1203 1650 1313 1710 suadet

168 1774 239 1813 usus
262 1753 478 1814 Suetonianus.
515 1751 706 1830 Vbicumque
729 1753 825 1825 enim,
850 1754 898 1811 cui
919 1750 992 1831 quid
1016 1761 1224 1831 comparetur,
1252 1772 1311 1812 non

168 1856 364 1935 subsequenti
385 1872 420 1911 uc
441 1853 492 1912 vel
517 1863 598 1928 etque
618 1852 734 1928 (semel
753 1873 836 1929 quum
858 1855 949 1914 Dom.
973 1852 1021 1933 15)
1046 1853 1201 1932 particula
1220 1854 1311 1933 plane

169 1957 311 2030 edicitur,
334 1958 384 2016 hic
399 1956 528 2035 scriptor
545 1959 664 2031 perinde
680 1955 831 2014 vocabulo
848 1956 893 2015 ita
907 1964 1023 2016 tantum
1043 1955 1143 2014 locum
1167 1955 1254 2015 dedit
1269 1966 1311 2029 ut,

169 2079 227 2138 quo
245 2057 321 2117 illud
334 2065 497 2138 spectaret,
514 2077 553 2117 ex
570 2058 644 2137 ipsis
654 2058 843 2136 praegressis
860 2057 961 2117 verbis
975 2056 1216 2135 intellegeretur.
1241 2058 1310 2118 Vel·

168 2170 202 2220 ut
225 2160 282 2218 Iul.
306 2169 340 2224 56
361 2170 490 2237 quartam
507 2165 700 2219 elementorum
720 2163 850 2232 litteram,
874 2164 904 2217 r'd
922 2169 963 2218 est
981 2175 1002 2217 a
1016 2178 1073 2235 pro
1094 2172 1130 2230 A,
1151 2171 1178 2218 et
1192 2165 1312 2235 perinde

170 2263 219 2336 [h.
237 2285 263 2322 c.
290 2261 435 2342 ‘perinde
457 2272 548 2343 atque
563 2275 587 2320 D
605 2281 661 2341 pro
679 2262 728 2334 A’]
748 2257 870 2336 reliquus
889 2270 1048 2337 camarinen
1077 2261 1128 2321 vel
1146 2261 1257 2321 Claud.
1281 2274 1312 2324 u

169 2384 220 2424 nee
238 2382 349 2439 semper
369 2370 548 2439 praescripta
568 2369 655 2441 lupum
671 2364 779 2423 seculus
799 2367 928 2422 duritiem
950 2368 1139 2438 lenitatemque
1152 2369 1310 2435 multorum,

169 2487 208 2526 ex
225 2485 313 2543 nequo
328 2480 353 2526 et
369 2451 438 2526 bono
452 2470 571 2540 perinde
586 2470 713 2547 [‘atque
730 2486 770 2525 ex
788 2467 883 2524 iusto'
899 2465 1064 2542 intellege]
1086 2476 1117 2523 nt
1136 2468 1310 2542 efficeretur,

170 2573 329 2627 moderatus
344 2579 393 2626 est.
431 2567 545 2626 Contra
560 2587 626 2626 cunr
646 2569 809 2644 negatione
826 2569 971 2627 sociatum
986 2571 1107 2641 perinde
1122 2568 1204 2627 idem
1223 2570 1311 2628 etiam

171 2672 215 2730 sic
239 2671 376 2741 admisit,
397 2679 429 2727 ut
450 2669 495 2727 rei
510 2679 703 2747 comparatae
723 2672 804 2743 notio
828 2689 886 2728 non
903 2669 1074 2747 significata
1097 2669 1201 2729 verbis
1221 2681 1311 2748 esset,

172 2772 226 2831 sed
243 2773 432 2830 extrinsecus
452 2771 664 2830 adsciscendo:
690 2774 774 2829 cuius
791 2772 912 2847 generis
925 2782 972 2831 sat
989 2773 1156 2848 singularia
1170 2774 1312 2853 exempla

172 2883 302 2932 exstant.
348 2874 384 2929 Iu
400 2874 463 2930 vita
478 2873 558 2951 nug.
581 2885 615 2936 80
637 2878 785 2931 coxendice
805 2885 830 2932 et
850 2878 957 2948 [errrore
979 2885 1005 2932 et
1024 2893 1110 2933 crure
1124 2881 1237 2934 sirn'atro
1259 2897 1311 2934 riou

167 2979 286 3050 perinde
302 2978 410 3031 rudebat
428 2974 510 3032 lunelli
527 2996 600 3033 sane
623 2977 807 3051 cogitatione
826 2976 947 3034 additur
965 2983 1074 3055 ‘atque
1094 2976 1234 3037 dextro':
1259 2977 1312 3036 scd

110 3146 117 3164 ὑ
172 3097 250 3156 quae
267 3076 337 3135 Tib.
355 3085 388 3137 52
410 3078 509 3155 posita
525 3071 700 3152 surrt'ituqne
715 3096 750 3135 nc
766 3091 868 3136 mortuo
881 3083 987 3153 peridem
1001 3083 1116 3153 perinde
1130 3084 1249 3153 affectus
1266 3090 1312 3152 est,

170 3181 243 3236 item
260 3177 348 3237 Galb.
367 3189 399 3239 13
429 3197 518 3252 patere
534 3184 668 3237 deluentes
685 3185 742 3237 eius
759 3200 812 3237 riou
826 3184 945 3258 perinde
961 3192 1059 3254 pratus
1071 3184 1141 3255 suit,
1166 3203 1228 3240 nou
1244 3204 1311 3261 pos-

172 3290 241 3338 sunt
256 3280 346 3337 aliarn
363 3282 423 3338 vim
439 3280 551 3340 habore
567 3283 625 3339 nisi
645 3281 781 3359 ‘perinde
798 3292 890 3362 atque
907 3281 1055 3355 debebat,
1074 3294 1168 3363 atque
1184 3305 1311 3343 cousen-

171 3392 294 3440 taneum
309 3392 383 3456 orat,
405 3394 497 3462 atquc
514 3385 686 3462 exspectari
704 3387 842 3461 poterat'.
875 3387 911 3443 Iu
929 3386 1119 3464 eandemque
1137 3396 1256 3464 partein
1275 3387 1310 3445 de

171 3485 317 3542 Terentio
334 3484 428 3542 verba
445 3485 740 3563 illninterp1·etanda
757 3497 833 3545 surrt.

256 3586 372 3645 Ibidem
390 3608 419 3644 v.
437 3589 465 3646 8.
500 3592 595 3662 epredi
609 3589 784 3666 simpliciter·
801 3592 857 3647 etsi
879 3590 952 3648 antis
971 3591 1080 3647 usitate
1098 3590 1241 3651 dicuutur
1263 3594 1312 3672 qui

172 3687 222 3745 vel
241 3697 340 3747 eastra
357 3690 408 3747 vel
430 3709 538 3747 navent
555 3690 603 3746 vel
624 3701 741 3768 prinum
764 3692 954 3771 relinquunt,
976 3702 1076 3750 tamen
1094 3694 1237 3754 ‘Itoniae'
1264 3695 1312 3753 vel

173 3789 274 3847 ‘urbis’
293 3793 375 3849 notio
391 3813 452 3849 non
467 3793 562 3867 tnagis
575 3793 671 3850 onritti
687 3795 784 3869 potuit
800 3815 888 3872 quarn
905 3793 1065 3852 cuiuslibet
1081 3795 1160 3854 nlius
1177 3797 1246 3869 loci,
1264 3818 1312 3856 cu·

171 3892 218 3949 ius
236 3893 358 3972 quidem
376 3914 436 3951 non
450 3894 572 3952 essetin
593 3896 638 3951 eis
657 3915 735 3974 quae
750 3895 940 3974 prae-cedunt
959 3898 1071 3954 uirentia
1090 3899 1174 3956 facta
1192 3910 1225 3957 ut
1243 3899 1311 3959 Tib.

172 4003 214 4054 nt.
229 3994 295 4054 Cal.
311 4007 354 4066 58,
372 3995 452 4054 alibi.
469 3995 559 4072 erod
571 4016 636 4053 curn
650 3999 807 4056 sanissimo
820 3998 931 4056 iudicio
945 3998 1094 4076 Stephani
1106 4002 1246 4080 quisquis
1259 4005 1313 4061 fuit

173 4099 286 4154 amicus
304 4097 460 4167 sensisset,
477 4108 576 4155 tanton
593 4099 803 4175 interpositum
816 4100 853 4157 ab
867 4100 919 4156 illo
939 4103 1032 4157 urbem
1048 4101 1232 4162 vocabulum
1248 4124 1312 4162 ree·

173 4197 231 4254 tius
255 4198 344 4253 etiarn
367 4199 396 4254 in
420 4197 584 4255 ablativum
606 4201 741 4257 Muretus
765 4204 906 4274 rnutavit,
930 4201 960 4259 id
985 4201 1066 4280 quod
1088 4223 1149 4262 uon
1173 4206 1313 4264 Suetonii

173 4306 305 4369 tantum,
323 4299 376 4356 sed
401 4300 563 4356 communis
581 4301 724 4379 loquendi
748 4303 933 4362 cousuetudo
954 4306 1063 4379 exigit,
1079 4283 1144 4363 'nisi
1166 4307 1217 4365 ubi
1239 4309 1314 4367 fines

174 4402 217 4457 rei
235 4399 394 4457 utriuslibet
411 4402 531 4458 transiri
550 4402 699 4464 (licuntur.
738 4407 785 4464 lle
802 4426 861 4484 quo
878 4405 1022 4479 breviter,
1042 4406 1097 4466 sed
1114 4408 1257 4487 adposite.
1276 4410 1313 4470 ad
