2964 5002
222 353 283 415 514
638 369 672 409 ru
685 367 784 410 uren
799 367 947 409 serenan

221 541 325 601 pugna
342 520 491 602 Pydneea
509 517 782 598 ediderat,.paueis
800 517 902 577 verbis
916 537 937 577 a
950 518 1039 577 Livio
1055 529 1149 591 xu1v,
1162 527 1198 580 44
1214 536 1360 577 memora·

223 632 294 698 tum,
313 621 571 702 splendidioribus
586 642 605 680 a
614 620 980 699 Plutarebodesoriptum
993 621 1025 678 in
1040 620 1105 679 vita
1120 619 1246 678 Aemilii
1258 618 1361 678 Paulli

224 745 249 784 c.
265 735 313 796 Ὦ,
333 746 350 784 e
370 724 479 805 quibus
497 724 575 783 haee
590 723 718 802 adposui
731 724 876 802 imprimis
890 722 950 788 huo
962 721 1123 781 facientia:
1136 720 1209 779 πᾶσι
1219 711 1278 798 γὰρ
1289 708 1361 798 dye-

222 816 291 898 στός
305 806 344 901 ἦν
360 815 455 897 εὐθὺς
477 820 505 897 ἕξ
520 813 611 905 ἀρχῆς
631 813 705 902 πρὸς
722 816 882 903 ἡγεμονίαν
903 820 1119 883 reluctaretur
1141 810 1182 893 ὥς
1201 812 1291 893 ἄλλος
1311 813 1362 881 οὐ·

224 925 284 1000 δεὶς
298 927 358 987 τῶν
373 927 526 1006 συγγενῶν
540 923 719 1006 κεκραμένος
733 915 766 985 sd
781 907 869 1001 ἦθος.
904 925 1046 985 Eundem
1060 925 1208 1004 largimur
1222 923 1362 1005 (quando

223 1033 337 1090 sactum
351 1029 535 1109 ignoramus)
558 1031 693 1109 potuisse
711 1031 772 1088 iam
788 1036 859 1088 ante
879 1048 989 1087 anuum
1006 1037 1060 1091 594
1075 1026 1173 1087 semel
1186 1026 1238 1087 vel
1255 1023 1365 1086 aerum

224 1135 254 1192 in
268 1132 421 1212 publicum
438 1131 561 1210 prodire
578 1141 727 1191 oratorem
741 1131 793 1190 vel
808 1150 935 1190 caussae
950 1139 1126 1210 patronum,
1143 1128 1311 1206 largiamur
1324 1130 1363 1190 si·

150 1230 174 1269 '·'·
223 1235 324 1294 milem
343 1232 492 1293 similibus
511 1233 603 1294 rebus
619 1233 748 1312 gratiam
767 1232 844 1292 inire
861 1232 1005 1311 apopulo
1020 1232 1157 1311 petuisse
1172 1238 1266 1311 atque
1283 1229 1363 1320 ludis

223 1334 399 1396 funebribus
414 1336 475 1396 illis
489 1344 575 1417 quos¹
587 1337 668 1416 patri
680 1335 812 1395 Aemilio
830 1334 939 1393 Paullo
955 1334 1037 1408 fecit,
1053 1333 1227 1392 fabularum
1242 1334 1363 1392 actione

132 1490 138 1502 .
223 1439 477 1499 Terentianarnm
495 1438 656 1515 inlustres3
673 1437 745 1497 item
761 1437 925 1513 largiamur
937 1436 1111 1494 aTerentio
1127 1454 1190 1493 nen
1205 1444 1268 1494 tam
1284 1435 1363 1495 Lae·

222 1542 295 1600 lium
316 1549 347 1600 et
358 1540 541 1618 Scipionem,
558 1561 648 1621 quam
664 1559 757 1598 unum
768 1536 942 1618 Scipionem
956 1539 1069 1616 respici
1080 1539 1112 1596 in
1123 1536 1254 1615 prologo
1268 1536 1363 1597 Adel·

222 1644 318 1722 phon:
335 1663 441 1701 verum
453 1642 530 1701 haec
542 1650 644 1701 tamen
656 1641 756 1700 omnia
770 1661 830 1699 nen
840 1640 980 1721 profecto
993 1641 1067 1699 satis
1080 1639 1186 1699 valent
1202 1639 1363 1719 quominus

223 1746 313 1804 nimis
330 1744 491 1821 magnifice
505 1744 559 1803 illa
579 1743 737 1802 dictasint
758 1745 894 1821 ‘quorum
913 1762 1007 1822 opera
1020 1743 1051 1801 in
1069 1740 1168 1814 bello,
1187 1741 1220 1799 in
1235 1742 1313 1812 otio,
1333 1742 1365 1800 iu

222 1847 346 1924 negotio
365 1865 431 1905 suo
454 1845 615 1925 quisque
637 1853 810 1924 ternpore
831 1864 904 1903 usus
923 1848 994 1916 est‘‚
1015 1862 1094 1924 quae
1116 1850 1147 1902 et
1169 1842 1210 1904 ad
1225 1843 1363 1902 multitu·

223 1949 323 2007 dinem
343 1966 486 2005 annorum
505 1955 536 2004 et
556 1946 596 2005 ad
617 1947 846 2024 magistratuum
867 1947 1009 2005 virtutem
1031 1952 1172 2025 spectant
1191 1945 1362 2004 manifesto.

221 2050 309 2109 Haec
324 2049 416 2125 igitur
434 2068 500 2107 eum
516 2048 638 2128 scripsit
651 2048 830 2123 Terentius,
853 2068 915 2107 non
929 2048 1027 2128 potuit
1040 2048 1100 2107 nisi
1125 2046 1165 2107 de
1180 2046 1297 2106 talibus
1311 2066 1363 2126 po·

221 2150 369 2209 tissimum
386 2152 536 2229 cogitare,
558 2151 668 2209 saltem
684 2158 807 2231 praeter
821 2151 963 2211 Laelium
978 2147 1232 2229 Scipionemque,
1255 2149 1363 2230 quales

223 2253 355 2332 exempli
380 2272 490 2312 caussa
511 2249 624 2312 Santra
649 2252 822 2330 designavit
842 2252 1024 2331 Sulpicium,
1045 2250 1238 2323 Labeonem,
1259 2250 1362 2330 Popil-

222 2354 349 2432 lium*):
382 2364 413 2414 et
433 2361 549 2415 tantum
573 2359 739 2414 'meaime
761 2374 823 2414 cunt
841 2357 970 2430 Scipione
986 2356 1124 2429 Africana
1143 2362 1169 2414 et
1191 2354 1222 2412 C.
1244 2352 1364 2423 laclb',

223 2457 279 2517 sed
297 2456 428 2517 eundem
451 2464 525 2515 ‘cura
546 2440 668 2515 multis*
684 2460 819 2515 sublibus
829 2458 1010 2532 familiariter
1024 2453 1143 2514 arsisse'
1166 2455 1235 2534 ipse
1254 2453 1363 2514 Sueto-

223 2561 291 2618 nius
311 2559 387 2618 dixit
408 2580 438 2638 p.
457 2565 505 2630 27,
523 2567 549 2618 ’2.
589 2558 631 2618 Vt
653 2559 684 2616 in
704 2557 762 2617 hoc
780 2559 936 2617 meliorem
958 2579 992 2617 se
1007 2557 1145 2617 Terentii
1166 2556 1363 2636 interpretem

224 2662 336 2721 Santra
356 2680 446 2740 quam
468 2659 517 2717 vel
539 2657 701 2719 Suetonius
727 2659 778 2718 vel
805 2661 897 2720 hune·
910 2671 1032 2719 secutus
1053 2660 1193 2719 Donatus
1216 2659 1361 2736 gesserit:

225 2783 350 2842 qnorum
366 2761 415 2819 lrie
433 2767 469 2818 ‘in
488 2761 564 2818 bello’
581 2761 678 2819 verba
693 2765 833 2840 spectare
848 2763 887 2821 ad
904 2763 1093 2841 Scipionem,
1110 2767 1146 2817 ‘in
1163 2749 1228 2819 otio’
1248 2760 1287 2818 nd
1303 2762 1361 2818 Fu·

223 2866 299 2923 riurn
320 2861 458 2934 Plrilnm,
487 2869 527 2919 ‘in
554 2864 671 2939 negotio*
694 2863 733 2921 ad
759 2864 897 2923 Laelium
919 2864 1094 2942 Sapientem
1119 2873 1279 2943 argutatus
1306 2871 1361 2922 est.

224 2966 415 3044 Quamquam
435 2985 497 3022 rern
517 2965 613 3043 ipsam
636 2986 696 3023 non
718 2966 905 3026 intercedam
929 2965 1037 3045 siquis
1054 2966 1147 3023 menti
1164 2985 1239 3024 suae
1260 2966 1304 3023 sic
1319 2966 1362 3024 in-

224 3068 346 3138 formet,
363 3076 396 3124 ut
413 3071 482 3124 ‘non
503 3066 633 3126 obseura
650 3068 740 3126 fama'
764 3069 823 3127 ista
838 3089 947 3128 revera
961 3067 1000 3126 ad
1016 3068 1156 3126 Laelium
1171 3067 1361 3146 Scipionem·

224 3188 282 3247 quc
305 3168 492 3246 potissimum
516 3178 673 3247 spectasse
696 3190 753 3229 nec
775 3179 807 3227 ut
831 3169 950 3229 videtur
974 3170 1176 3244 sineretione
1206 3179 1363 3247 spectasse

223 3280 359 3348 putetur,
371 3269 419 3354 'ab
438 3271 484 3328 his
500 3282 616 3345 autem,
636 3272 828 3331 dissimulans
845 3273 936 3330 animi
951 3271 1147 3344 sententiam,
1164 3271 1362 3351 suspitionem

222 3374 387 3431 Terentius
408 3373 545 3431 consulto
568 3372 607 3431 ad
630 3374 706 3432 alios
729 3373 892 3433 deflectere
917 3374 1073 3446 credatur,
1095 3373 1173 3432 tales
1194 3373 1320 3452 quidem
1347 3395 1364 3432 a

223 3495 348 3552 quorum
364 3476 545 3533 anctoritate
568 3486 598 3533 et
612 3478 711 3552 gratia
730 3477 853 3556 publiea
869 3478 1034 3556 promptior
1058 3476 1116 3554 ipsi
1132 3477 1224 3534 venia
1246 3485 1277 3535 et
1298 3497 1362 3555 gra·

223 3577 265 3634 tia
287 3587 470 3654 suppeteret.
506 3579 547 3635 Et
564 3579 694 3637 sortasse
713 3579 756 3636 ita
771 3580 905 3636 sentiens
923 3580 1085 3638 Suetonius
1104 3578 1309 3655 supersedere
1329 3599 1361 3638 se

222 3699 312 3755 posse
329 3678 481 3737 refutandi
499 3680 628 3738 Santrae
644 3700 737 3758 opera
752 3682 880 3758 putavit.
895 3713 937 3723 -
953 3682 1069 3739 Rursus
1088 3689 1191 3739 autern
1207 3681 1284 3740 haec
1303 3702 1361 3738 orn-

222 3783 272 3838 nia
294 3781 366 3860 quid
391 3780 513 3839 tandem
534 3782 572 3839 ad
595 3791 725 3841 aetatem
746 3782 885 3840 Terentii
908 3782 1132 3841 definiendam?
1173 3782 1275 3860 Quem
1298 3803 1361 3842 cum

222 3893 295 3941 uatn
317 3885 459 3942 maiorem
483 3904 572 3961 quam
587 3884 726 3943 Laelium
749 3894 779 3944 ct
794 3883 968 3962 Scipionem
991 3886 1086 3944 fuisse
1111 3906 1189 3944 unus
1211 3906 1250 3945 ex
1271 3886 1362 3945 omni·

290 4067 313 4132 ³⁸)
332 4069 481 4117 llxclnsnnr
500 4070 585 4133 igitur
604 4070 977 4135 etiam1,.1·‘11r1111111‘11i111m
997 4088 1056 4121 esse
1077 4078 1203 4136 apparet,
1224 4088 1297 4123 aurio
1316 4073 1359 4122 de·

223 4168 293 4202 tnunr
312 4153 361 4200 ele
380 4169 446 4214 eos,
467 4169 544 4215 quom
565 4170 623 4202 curn
644 4155 765 4220 Scipioni
785 4155 936 4219 Laelioque
950 4157 1073 4205 Donatus
1092 4158 1189 4215 sordet,
1211 4175 1228 4207 a
1247 4159 1315 4207 solis
1333 4164 1360 4205 ut

224 4238 307 4285 snrile
328 4236 496 4301 intellegitur
515 4239 638 4288 versibus
657 4241 799 4289 l'ercinnis
818 4240 956 4304 proiectus
976 4247 1031 4301 est,
1055 4242 1119 4289 item
1146 4242 1303 4302 exclusum,
1327 4242 1359 4290 de

224 4337 274 4384 quo
295 4320 378 4368 facile
398 4322 531 4385 ‹prispiarn
552 4324 664 4386 (tergitis,
685 4324 730 4388 Sp.
747 4326 902 4373 Mummium
922 4325 1034 4373 fratrem
1047 4325 1172 4385 deliniri,
1192 4318 1318 4392 legatum
1335 4343 1359 4376 a.

222 4403 280 4466 (508,
300 4405 333 4453 ile
353 4406 430 4453 cuine
448 4406 546 4453 studiis
565 4409 685 4470 poeticis
704 4410 853 4458 identidem
871 4415 942 4459 teste
962 4410 1095 4459 Cicerone
1115 4416 1235 4461 constat.
