2964 5002
593 374 634 415 ns
656 374 797 415 saurais
820 373 927 415 auavn
1263 359 1325 422 203

199 545 230 587 ee
248 521 328 609 quod
351 519 554 585 rotunditate
574 524 626 585 sui
650 523 744 608 quasi
767 521 908 585 circulus
931 521 1016 585 unde
1038 520 1173 607 incipiat
1194 522 1247 584 uel
1269 522 1324 585 ubi

195 625 310 688 desinat
327 645 395 687 non
417 622 518 688 facilc
539 623 828 710 conprehendatur.
866 622 1046 710 aequaliter
1064 625 1151 686 enim
1174 646 1215 687 ex
1238 624 1324 687 oanni

194 738 277 815 parte
303 724 410 790 femur
440 748 513 791 esse
541 724 677 791 collecta
704 734 736 790 et
759 727 868 790 omnia
897 725 1047 790 similiter
1069 725 1246 813 respiciens
1270 725 1325 789 ad·

192 852 248 918 qus
274 851 295 893 a
316 838 432 894 centro
452 838 557 893 terrae
579 829 693 915 spatiis
720 829 834 915 aequis
861 829 1015 892 distincta
1036 829 1172 915 ipsaque
1200 828 1251 891 sui
1274 849 1326 891 ae·

176 931 342 1021 squalitate
371 933 419 995 ita
449 929 592 1012 stabilis,
623 937 660 993 ut
688 952 759 994 cam
790 931 825 993 in
853 928 978 993 nullam
1006 939 1131 1015 partem
1160 928 1326 995 declinare

191 1035 330 1120 undique
366 1030 550 1119 aequalitas
580 1030 717 1097 collecta
749 1032 916 1118 permittat
950 1053 989 1097 ae
1023 1032 1112 1097 nulle
1137 1032 1325 1097 fulcimento

190 1135 343 1200 subuecta
364 1143 576 1200 sustentetur.
625 1134 718 1198 euius
742 1133 972 1221 perfectionem
1001 1134 1159 1222 sphaerae
1184 1132 1238 1198 uel
1264 1136 1324 1198 eir·

189 1237 247 1303 culi
268 1237 385 1302 multis
415 1236 751 1322 argumentationibus
780 1244 923 1300 tractans
948 1237 1143 1301 rationabile
1162 1236 1256 1303 Plato
1279 1237 1325 1301 fa·

189 1341 360 1405 bricatoris
380 1338 496 1403 mundi
521 1361 601 1421 opus
629 1339 789 1421 insinuat,
829 1339 933 1424 primo
960 1339 1047 1426 quod
1074 1360 1117 1402 ex
1146 1361 1211 1403 una
1238 1338 1325 1403 linea

165 1451 323 1524 aeomtnt,
344 1440 490 1506 secundo
511 1442 597 1528 quod
620 1442 690 1505 sine
706 1440 799 1505 initio
822 1450 918 1505 estet
935 1441 1005 1505 sine
1027 1439 1101 1522 fine,
1123 1428 1218 1505 tertie
1238 1442 1325 1529 quod

187 1614 250 1668 tis!
261 1642 288 1651 -
306 1615 431 1667 Isidorus
440 1614 576 1679 origem
586 1612 632 1665 30:
646 1614 697 1664 ‘De
708 1613 786 1664 eaelo
800 1620 827 1663 et
840 1615 899 1664 eius
908 1614 1026 1664 nomine.
1047 1614 1160 1664 Caelum
1173 1615 1326 1682 philosophi

185 1684 329 1737 rotundum
342 1682 494 1734 uolubilem
507 1687 587 1747 atque
602 1683 742 1733 ardentem
756 1698 816 1732 esse
829 1683 963 1744 dixerunt,
977 1688 1103 1732 uocatum
1114 1689 1205 1733 autem
1215 1683 1266 1735 boc
1277 1700 1325 1734 no·

185 1755 261 1810 nine.
274 1752 385 1817 eoquod
397 1756 537 1816 tamquam
548 1766 598 1800 uas
611 1750 749 1801 caelatum
759 1751 891 1816 impressa
901 1751 981 1817 signa
991 1750 1094 1800 babeat
1103 1750 1253 1802 stellarum.
1271 1752 1324 1801 dis·

186 1822 262 1873 tinxit
272 1821 350 1870 euim
361 1835 423 1870 eum
432 1818 500 1869 dens
510 1818 592 1869 elaris
601 1817 748 1868 luminibus
759 1823 786 1867 et
796 1817 920 1884 impleuit
932 1818 990 1868 sole
1003 1819 1112 1869 scilieet
1125 1825 1153 1869 et
1165 1819 1246 1869 laruae
1259 1820 1324 1871 orbe

185 1889 301 1957 fulgenti
316 1894 346 1938 et
359 1893 493 1938 astrorum
506 1887 664 1937 micantium
677 1885 883 1952 splendentibus
895 1887 980 1952 signis
994 1886 1145 1936 adornauit.
1168 1887 1220 1938 hoe
1234 1894 1324 1939 autem

185 1958 293 2009 Graece
306 1946 434 2019 ου’ρανός
452 1955 551 2004 dicitur
567 1944 626 2005 α’πό
644 1952 695 2005 τοῦ
714 1944 853 2018 ὁρᾶσθαι,
873 1954 900 2004 id
919 1955 1134 2017 estanidendo‚
1149 1957 1264 2021 eoquod
1278 1973 1326 2008 aer

185 2026 347 2093 perspicuus
359 2025 396 2073 sit
409 2028 437 2073 et
450 2022 485 2073 ad
497 2022 691 2088 speculandum
703 2021 815 2088 purior.’
840 2021 886 2072 31:
901 2021 951 2071 ‘lle
970 2023 1023 2072 situ
1035 2023 1171 2088 sphaerae
1185 2024 1323 2075 caelestis,

184 2094 309 2161 b‘pbaera
326 2092 401 2143 caeli
419 2090 528 2156 speeies
546 2095 588 2141 est
606 2090 740 2155 qrraedam
757 2091 786 2140 in
804 2090 943 2140 rotundum
963 2091 1094 2155 lomrratn,
1114 2093 1190 2141 carius
1204 2098 1325 2143 ueratrum

185 2168 257 2213 terra
275 2167 320 2212 est
339 2176 373 2211 ax
390 2159 516 2209 omnibus
534 2159 658 2225 partibus
676 2158 829 2223 aequaliter
850 2158 991 2208 conclusa.
1019 2158 1092 2209 hanc
1110 2160 1257 2225 sphaeram
1273 2177 1325 2212 nee

187 2229 348 2297 principium
362 2226 466 2278 habere
479 2226 571 2276 dieunt
584 2242 637 2276 nec
650 2225 807 2290 terminum,
824 2226 887 2276 ideo
900 2227 969 2291 qarod
983 2227 1010 2275 in
1028 2226 1168 2276 rotundum
1182 2229 1260 2292 qrrnai
1274 2230 1324 2278 cir-

188 2296 263 2349 culus
278 2297 352 2347 unde
370 2295 489 2361 incipiat
500 2295 546 2344 nel
558 2294 604 2343 uhi
616 2294 725 2345 desinat
738 2310 791 2344 non
805 2294 889 2344 facile
903 2295 1148 2360 eomprehendinu.
1171 2296 1325 2362 philosophi

188 2370 277 2416 sutem
288 2364 384 2415 mundi
397 2368 503 2428 septem
516 2362 610 2413 caelos
627 2363 654 2412 id
673 2368 715 2413 est
727 2361 853 2427 planetas
866 2361 1006 2427 globorum
1025 2378 1143 2412 consono
1156 2369 1229 2413 motu
1242 2365 1324 2414 intro·

186 2432 332 2495 duxerunt,
352 2446 464 2496 quorum
477 2429 587 2480 orbibus
600 2446 706 2480 correxa
718 2435 869 2480 memorant
886 2430 990 2493 omnia,
1009 2446 1074 2495 qaros
1092 2431 1145 2480 sibi
1165 2432 1279 2481 innexos
1298 2441 1325 2482 et

185 2500 258 2553 uelut
270 2502 393 2551 insertos
404 2498 511 2548 uersari
524 2503 595 2549 retro
615 2504 642 2547 et
661 2515 675 2548 e
695 2499 832 2548 contrario
854 2499 954 2548 ceteris
972 2499 1088 2548 motibus
1106 2498 1171 2547 ferri
1191 2499 1321 2549 arbitran-

185 2568 244 2621 tur.’
269 2568 318 2619 32:
340 2570 392 2618 ‘De
407 2566 527 2616 eiusdem
540 2567 675 2632 sphaerae
688 2571 770 2616 nrotrr.
796 2566 935 2632 sphaerae
950 2572 1037 2616 snotrrs
1059 2567 1162 2616 ‹luolnra
1176 2567 1272 2616 axibus
1285 2568 1324 2616 in-

184 2636 311 2699 uoluitur,
325 2651 438 2701 quonam
448 2650 517 2684 unus
527 2643 568 2685 est
577 2634 809 2700 septentrionalis,
823 2636 866 2699 qni
880 2650 1024 2700 numquam
1035 2635 1144 2695 oceidit,
1158 2634 1323 2700 appellatur-

183 2722 233 2771 que
247 2707 364 2755 boreus:
386 2703 456 2753 alter
474 2701 616 2763 australis,
635 2702 679 2766 qni
697 2718 841 2766 rnannpmm
854 2702 962 2752 uidetur
974 2708 1002 2752 et
1015 2703 1198 2752 austronotius
1216 2702 1323 2753 dieitur.

182 2774 223 2825 Iria
235 2772 345 2824 duobus
359 2771 429 2838 polis
442 2770 544 2820 nroucri
557 2771 702 2836 sphaeram
715 2769 785 2819 coeli
803 2771 897 2820 (licant
915 2777 942 2819 et
960 2786 1019 2820 cum
1038 2778 1110 2820 irrotu
1124 2773 1181 2821 eius
1194 2771 1285 2821 sidera
1297 2773 1325 2822 iu

183 2858 214 2892 ra
226 2841 286 2891 fixa
300 2840 337 2890 ab
350 2840 456 2889 orlente
469 2854 553 2903 arsque
567 2838 601 2888 ad
614 2838 783 2888 occidentem
798 2839 954 2898 circumire,
968 2840 1200 2904 septentrionibus
1218 2840 1323 2890 breuio-

183 2926 225 2961 res
238 2924 325 2975 gyros
338 2909 414 2957 iaxta
428 2906 565 2956 cardinem
579 2906 794 2972 peragentibus)
819 2904 864 2955 aa:
884 2909 934 2956 ‘he
954 2907 1073 2957 eiusdem
1086 2909 1221 2974 sphaerae
1235 2924 1323 2957 crrrsn.

183 2976 312 3043 sphaera
325 2974 399 3025 caeli
413 2975 448 3024 ab
460 2975 565 3025 oriente
579 2980 607 3022 et
618 2974 760 3023 occidente
774 2974 859 3023 semel
873 2976 899 3023 in
912 2974 955 3023 die
967 2980 994 3023 et
1003 2982 1083 3025 noete
1094 2977 1209 3026 uertitur
1218 2977 1325 3026 XXIIII

183 3045 312 3097 bererum
326 3043 432 3110 spatiis,
452 3042 548 3106 qrrihna
560 3041 601 3091 sol
615 3058 720 3090 eursnrn
733 3058 808 3091 surim
822 3059 903 3107 super
915 3048 1003 3091 terras
1021 3049 1048 3091 et
1060 3045 1155 3093 subtus
1168 3052 1257 3095 terras
1275 3061 1325 3095 sam

184 3111 361 3164 uolubilitate
381 3109 538 3160 concludit)
569 3108 614 3158 :t-l:
635 3111 685 3159 ‘l)e
709 3110 851 3159 eeleritate
876 3109 955 3159 caeli.
986 3111 1078 3160 'l'anta
1101 3112 1229 3162 celeritas
1253 3113 1324 3163 caeli

184 3180 306 3247 sphaera
325 3179 425 3229 dicitnr
437 3194 555 3236 currere,
569 3183 611 3237 ut,
634 3178 685 3227 nisi
706 3178 848 3228 aeluersnnr
862 3179 1040 3244 praeeipitem
1060 3181 1117 3228 elus
1132 3197 1236 3230 cursum
1251 3187 1325 3231 astra

186 3254 329 3299 currerent
349 3263 419 3312 qrrae
438 3262 498 3295 eam
516 3251 729 3308 remorarentur,
743 3247 834 3296 rurunli
847 3247 952 3297 ruinam
967 3246 1111 3296 fricarent!
1137 3247 1182 3296 aa:
1203 3249 1253 3298 ‘lte
1273 3267 1324 3299 axe

186 3317 267 3367 castell⁴
288 3316 355 3366 Axis
368 3321 411 3364 est
422 3313 645 3380 septentrIenalis
658 3313 732 3364 linea
744 3323 830 3371 recta.
845 3331 914 3379 qrrae
928 3332 977 3381 per
994 3315 1110 3365 mesilam
1126 3316 1208 3381 pilam
1226 3318 1324 3382 apline-

186 3400 232 3435 ηε
245 3384 344 3444 tendit,
358 3390 386 3432 et
398 3382 474 3431 dleta
487 3383 559 3444 anis,
579 3383 647 3446 (pared
660 3382 686 3430 in
702 3399 736 3432 ea
748 3383 867 3448 sphaera
880 3387 909 3430 ut
922 3383 1123 3442 rathrannum,
1142 3385 1186 3433 nel
1205 3385 1268 3450 quia
1287 3385 1324 3435 ibi

186 3451 337 3519 plaustrum
357 3448 420 3500 est.’
445 3450 491 3500 ab:
510 3451 560 3499 ‘Ile
579 3451 746 3500 caelestibus
770 3451 848 3516 polis.
879 3451 938 3499 Peli
957 3457 1020 3501 sunt
1037 3451 1132 3500 circuli
1151 3453 1196 3516 qui
1215 3460 1325 3503 currunt

186 3536 235 3587 per
248 3536 337 3570 axem.
368 3520 461 3567 horum
476 3517 546 3568 alter
558 3524 600 3568 est
612 3519 844 3583 sispitentrionalis,
859 3520 902 3582 qni
916 3534 1060 3582 numquam
1074 3519 1187 3578 oceidit.
1202 3522 1324 3587 appella-

185 3594 281 3653 turque
300 3589 414 3646 boreus;
434 3586 504 3635 alter
522 3587 664 3649 ananan,
688 3589 732 3650 qni
744 3602 889 3650 nrunquarn
902 3587 1010 3636 uidetur
1023 3592 1050 3635 et
1063 3590 1246 3638 austronotius
1258 3591 1324 3640 diui·

185 3662 242 3713 tnr;
256 3663 284 3707 et
296 3656 363 3704 ‹lieti
376 3654 441 3720 poli.
454 3655 524 3718 rpmd
537 3660 600 3703 stant
613 3656 701 3704 axium
716 3656 787 3717 eseli
801 3672 834 3704 ex
847 3671 896 3703 tran
909 3655 1097 3719 plaustrorum,
1109 3672 1125 3705 a
1135 3657 1262 3720 pollendo
1273 3660 1324 3708 sel-

185 3725 253 3775 liest
270 3724 418 3782 nonrinati;
436 3723 485 3772 scd
504 3723 581 3787 polus
599 3739 707 3788 semper
724 3724 820 3773 bonus
838 3723 958 3785 uidetur,
977 3725 1160 3774 rarrstronotius
1177 3741 1324 3791 nunqnam,

274 3907 282 3956 Ι
302 3893 497 3954 rotunditatis
513 3897 537 3950 A
551 3888 564 3973 Η
581 3914 654 3953 suae
674 3900 697 3952 A
715 3896 781 3952 suia
792 3892 830 3951 13¹
878 3895 1022 3973 incipiant
1040 3901 1063 3953 A
1079 3891 1091 3977 Η
1106 3906 1122 3956 ‘l
1140 3896 1280 3974 designat
1299 3902 1325 3956 R

187 3978 202 4047 ἦ
222 3979 478 4059 conprehenditur
498 3983 522 4036 A
544 3975 557 4059 Η
579 3990 596 4041 3
617 3981 771 4038 similitor.
796 3983 823 4037 B
892 3990 909 4042 l
933 4002 973 4039 as
995 3984 1020 4037 B
1048 3979 1061 4060 Η
1087 3982 1193 4061 aequis
1219 3983 1324 4060 spatiis

189 4068 217 4123 B
229 4061 243 4149 Η
258 4066 398 4125 distintta
413 4060 447 4122 Al
465 4059 477 4144 Η
493 4077 508 4126 5
523 4065 606 4123 nulla
621 4075 707 4142 parte.
728 4069 751 4121 B
766 4059 779 4145 Η
793 4075 810 4127 6
831 4066 962 4145 undiquc
987 4069 1013 4122 B
1035 4062 1047 4142 Η
1068 4075 1082 4129 7
1099 4069 1323 4144 perl'eecionern

188 4152 241 4230 ΒΗ
266 4170 356 4229 spere
382 4152 437 4208 AB
461 4146 474 4230 Η
500 4146 622 4208 circulis
644 4155 671 4208 B
693 4146 706 4231 Η
727 4162 744 4211 a
763 4148 866 4208 andtis
887 4173 940 4208 om.
959 4149 996 4210 B'
1021 4147 1033 4230 Η
1057 4152 1156 4227 l’lato]
1177 4156 1324 4209 Tr'm..'13h

187 4244 250 4295 Ma
272 4240 334 4295 aab
355 4234 370 4317 Η
391 4234 580 4293 fabricatoris
602 4239 627 4292 B
646 4233 659 4315 Η
681 4250 696 4301 a
717 4233 766 4314 ex}
794 4256 831 4295 ex
850 4236 1001 4296 *limarum
1018 4238 1044 4296 V
1062 4237 1180 4312 angulis
1200 4233 1204 4317 Ι
1225 4237 1322 4294 zozia-

188 4340 239 4380 eus
256 4322 355 4381 dietus
380 4340 418 4380 ex
437 4316 471 4378 A¹
494 4341 530 4379 ex
552 4321 741 4380 climatarum
756 4340 781 4379 e.
801 4341 828 4396 q.
850 4339 872 4378 s.
899 4320 941 4379 A⁸²
967 4344 1003 4381 ex
1027 4322 1174 4380 linearum
1190 4322 1322 4402 quinque

188 4410 327 4466 zodiacus
345 4406 453 4466 duetus
476 4427 513 4466 ex
532 4410 555 4464 B
575 4406 688 4484 (dictus
708 4403 762 4482 B‘2)
779 4402 791 4488 Η
810 4419 842 4468 10
861 4417 977 4467 corastet
997 4402 1036 4464 Bi
