2964 5002
166 364 225 426 194
665 380 796 424 enarra

164 532 274 596 brieae
295 529 407 594 mundi
425 530 672 612 constituerunt,
691 530 852 616 siquidem
865 529 992 593 Graece
1011 530 1151 594 muudus
1170 525 1303 613 κόσμος,

165 632 261 697 homo
283 641 389 696 autem
412 622 529 714 μικρὸς
551 627 675 714 κόσμος
698 631 731 694 id
761 640 811 695 est
832 632 937 695 minor
957 631 1097 696 mundus
1118 642 1168 696 est
1194 631 1303 718 appel-

165 733 260 798 latus.
305 735 456 797 formatio
483 743 590 797 autem
614 731 726 796 mundi
750 733 796 796 ita
817 732 1067 797 demonstratur.
1096 755 1172 797 nam
1196 757 1303 821 quem·

164 834 337 900 admodum
362 837 499 921 erigitur
528 834 667 899 mundus
695 835 729 897 in
757 835 1052 922 septemtrionalem
1080 835 1228 922 plagam,
1260 838 1304 900 ita

165 935 346 1001 declinatur
369 937 402 999 in
424 935 610 1001 australem.
652 935 758 1023 capud
780 945 888 1000 autem
914 946 946 1000 et
965 938 1058 1023 quasi
1079 937 1182 1002 facies
1203 939 1330 1001 orion-a

164 1038 240 1102 talis
256 1039 365 1122 regio,
384 1036 500 1102 ultima
515 1061 591 1126 pars
612 1036 895 1124 septemtrionalis.
926 1059 1000 1101 nam
1020 1048 1128 1124 partes
1145 1040 1217 1102 eius
1236 1038 1303 1102 llll

166 1150 257 1203 sunt:
290 1142 393 1226 prima
419 1162 495 1225 pars
523 1138 635 1203 mundi
664 1147 714 1202 est
736 1138 919 1220 orientalis,
949 1141 1093 1204 secunda
1115 1141 1304 1221 meridiana,

164 1243 261 1305 tertia
282 1240 476 1323 occidentis,
497 1240 612 1305 ultima
632 1263 710 1305 uero
733 1241 840 1327 adque
858 1251 1004 1305 extrema
1019 1241 1303 1329 septemtrionalis.

167 1343 219 1424 [de
243 1365 307 1430 qua
327 1342 487 1429 Virgilius
510 1344 557 1407 sie
580 1344 642 1406 ait:

166 1517 252 1582 origg.
266 1516 348 1575 1115,
370 1514 399 1565 3:
423 1515 521 1565 ‘Morbi
534 1530 628 1564 omues
642 1532 674 1564 ex
688 1511 981 1580 quattn0r⁸nascuntur
998 1516 1154 1566 humoribus
1166 1517 1195 1566 id
1214 1520 1256 1566 est
1273 1533 1306 1566 ex

164 1585 299 1648 sanguine
313 1589 340 1633 et
359 1583 424 1633 lello
438 1583 620 1633 melancholia
634 1591 661 1632 et
673 1582 839 1649 phlegmate.
867 1601 899 1633 ex
912 1585 980 1648 ipsis
998 1586 1069 1633 enim
1088 1591 1219 1648 reguntur
1236 1586 1306 1646 sani,

167 1669 201 1701 ex
215 1653 281 1717 ipsis
294 1651 439 1701 laeduntur
451 1652 557 1700 infirmi.
577 1651 637 1701 dum
653 1653 724 1700 enirn
739 1652 854 1717 amplius
868 1657 945 1701 extra
959 1668 1064 1702 crrrsum
1078 1653 1215 1702 creuerint
1227 1658 1305 1702 natu-

165 1737 222 1781 rae,
237 1719 423 1784 aegritudines
436 1719 550 1768 faciunt.
573 1719 643 1767 sieut
657 1728 747 1768 autem
758 1725 886 1784 quattuor
897 1725 961 1769 sunt
974 1721 1119 1780 elementa,
1132 1721 1173 1770 sic
1187 1729 1216 1770 et
1229 1727 1305 1786 quat-

165 1793 227 1837 tuor
238 1787 378 1848 hmnores‚
398 1792 425 1836 et
442 1787 625 1851 unusquisque
643 1786 738 1836 humor
755 1803 830 1837 suum
853 1788 1017 1838 elementum
1035 1789 1170 1839 imitatur:
1194 1789 1307 1854 sanguis
1337 1785 1346 1803 ⁴

167 1871 267 1916 aerem,
280 1854 392 1904 cholera
404 1855 504 1918 ignem,
518 1853 704 1904 melancholia
716 1860 825 1916 terram,
839 1855 969 1921 phlegma
982 1872 1089 1920 aquam.
1116 1861 1144 1904 et
1156 1863 1220 1905 sunt
1230 1861 1305 1922 quat-

165 1931 227 1973 tuor
244 1923 369 1972 hnmores
387 1923 458 1972 sieut
476 1927 603 1987 quattuor
616 1921 767 1985 elementa,
786 1939 855 1988 quae
874 1929 1040 1973 conseruent
1058 1941 1174 1989 corpora
1192 1923 1305 1974 uostra.'

167 1991 286 2040 Isidorus
298 1991 386 2056 origg.
400 1990 438 2039 XI
454 1989 475 2052 l,
491 1987 534 2039 lu:
549 1989 630 2039 ‘Caro
644 1995 735 2039 autem
749 2007 781 2040 ex
795 1997 923 2056 quattuor
936 1991 1080 2041 elementis
1094 1998 1240 2058 compacta
1253 1996 1304 2042 est.

167 2075 229 2107 uam
243 2058 356 2108 terrain
370 2074 453 2107 earne
467 2062 509 2108 est
528 2073 576 2107 aer
593 2059 621 2106 in
633 2057 722 2107 halitu
734 2058 829 2108 humor
840 2059 869 2107 ln
882 2061 1017 2124 sanguine
1035 2060 1108 2124 ignis
1120 2060 1148 2108 in
1162 2060 1253 2110 calore
1265 2059 1305 2109 ui·

166 2127 225 2175 tuli.
250 2126 354 2175 habent
372 2126 444 2176 euim
461 2126 489 2175 in
506 2125 584 2175 nobis
603 2124 739 2176 elementa
757 2143 833 2176 stram
853 2143 976 2192 quaeque
990 2132 1110 2192 partem,
1130 2129 1226 2192 quibus
1243 2127 1305 2192 quid

167 2195 284 2244 debetur
296 2210 354 2244 com
376 2210 428 2259 age
441 2192 580 2244 resoluta.'
611 2193 648 2242 cf.
662 2193 798 2260 Origenes
817 2210 861 2261 ap.
875 2195 1073 2259 Hieronymum
1094 2196 1129 2245 ad
1150 2194 1304 2246 Pammach.

167 2268 230 2311 tom.
250 2263 276 2311 ll
294 2279 320 2328 p.
339 2211 387 2311 all
407 2262 480 2312 Vall.
500 2289 532 2296 —-
566 2261 675 2311 Solinus
696 2261 787 2327 polyh.
807 2263 819 2311 1
838 2279 865 2330 p.
883 2261 941 2311 rb:
963 2263 1119 2312 ‘Mensurae
1143 2263 1213 2313 ratio
1236 2263 1306 2313 bila·
1347 2295 1356 2326 4

167 2331 236 2380 riam
260 2329 402 2379 conuenit:
430 2345 493 2380 nam
517 2334 633 2395 quantus
656 2329 781 2379 manibus
805 2331 934 2396 expansis
955 2331 1029 2380 inter
1050 2330 1152 2396 digitos
1180 2329 1307 2397 longissi-

168 2413 226 2447 mus
249 2397 342 2447 modus
366 2405 422 2458 est,
451 2402 557 2449 tantum
582 2402 690 2447 constat
711 2413 771 2447 esse
796 2399 869 2447 inter
892 2397 984 2449 caloes
1010 2404 1037 2447 et
1057 2401 1199 2448 uerticem.
1232 2398 1307 2448 ideo·

168 2482 219 2530 que
232 2465 338 2531 physici
350 2466 485 2516 hominem
503 2466 633 2514 minorem
654 2465 779 2515 mundum
801 2465 1011 2517 iudieauenrrr't’
1035 2467 1192 2516 Macrobius
1210 2483 1307 2516 comm.

167 2535 193 2583 ll
210 2534 248 2596 la,
270 2533 301 2582 10
313 2549 367 2598 sq.:
386 2535 489 2584 ‘anima
502 2569 526 2582 ..
542 2533 587 2598 qui
604 2548 685 2582 uerus
702 2533 781 2582 homo
801 2540 856 2592 est,
878 2535 912 2584 ab
928 2535 1000 2583 omni
1017 2535 1170 2585 conditione
1187 2535 1309 2584 mortali-

168 2603 234 2652 tatis
253 2602 346 2652 aliena
368 2608 410 2651 est
428 2602 497 2651 adeo
514 2607 543 2649 ut
565 2602 593 2649 in
615 2602 796 2660 imitationem
818 2601 863 2651 dci
885 2603 1011 2652 mundum
1034 2604 1156 2667 regentis
1179 2609 1261 2668 regat
1282 2607 1310 2651 et

168 2671 229 2734 ipsu
247 2685 357 2734 corpus.
380 2670 443 2718 dum
461 2686 477 2719 a
494 2685 523 2718 sc
542 2670 686 2718 animatur.
717 2669 779 2717 ideo
797 2669 903 2734 physici
926 2670 1052 2720 mundum
1072 2686 1198 2736 magnum
1223 2671 1309 2719 homi-

168 2754 229 2786 uem
244 2743 271 2786 et
283 2737 419 2786 hominem
438 2738 549 2786 breuem
565 2737 692 2784 mundum
706 2752 767 2786 esse
780 2737 925 2801 dixerunt)
940 2766 969 2774 -
996 2738 1060 2786 Vita
1073 2739 1249 2802 Pythagorae
1263 2754 1307 2787 au.

170 2806 246 2856 l’hot.
265 2804 330 2853 bibl.
344 2821 369 2868 p.
383 2806 441 2867 440,
455 2804 500 2853 33:
520 2792 561 2853 ὅτι
575 2795 589 2852 ὁ
603 2792 757 2866 ἅνθρωπος
775 2801 875 2870 μικρὸς
892 2798 996 2871 κόσμος
1015 2801 1125 2870 λέγεται
1144 2803 1195 2872 οὐχ
1214 2795 1257 2856 ὅτι
1278 2778 1308 2856 la

168 2865 310 2937 reaccipere
322 2870 469 2938 στοιχείων
481 2864 625 2936 σύγκειται
638 2899 671 2906 —
683 2871 766 2921 τοῦτο
780 2868 833 2936 γὰρ
844 2869 892 2922 aul
907 2867 1094 2923 ἕκαστοντῶν
1106 2866 1183 2935 ζώων
1196 2870 1311 2923 καὶτῶν

169 2931 372 2990 εὐτελεστάτων
385 2969 415 2976 -
427 2931 487 2990 ἀλλ’
501 2931 542 2989 ὅτι
555 2933 649 2997 πάσας
663 2934 719 3005 ἔχει
732 2933 783 2998 τὰς
795 2940 846 2991 τοῦ
858 2935 910 2991 ado
931 2957 965 2990 ου
984 2934 1122 3007 δυνάμεις
1136 2960 1159 2990 e.
1175 2958 1200 3006 q.
1215 2960 1236 2991 s.
1263 2941 1307 2990 Cf.

168 3010 202 3058 de
216 3024 400 3058 ruacroeosnro
419 3015 447 3058 et
464 3008 640 3057 mieroermmo
659 3008 781 3057 Lobeck.
800 2958 1010 3073 Aglaopll.11a.
1026 3027 1051 3074 p.
1065 3008 1116 3058 908
1129 3026 1197 3075 sqq.‚
1217 3009 1310 3074 quide

169 3092 252 3142 parvo
265 3077 364 3126 mundo
376 3078 425 3126 hos
439 3081 565 3125 auctores
578 3077 657 3124 citat:
673 3076 807 3126 Galenum
820 3078 853 3126 de
866 3093 916 3126 usu
929 3084 998 3142 part.
1007 3079 1045 3126 Ill
1055 3076 1085 3125 lu
1097 3077 1179 3144 paor
1187 3079 1219 3127 K.
1247 3077 1311 3127 Phi-

169 3145 258 3192 lonem
277 3145 309 3193 dc
329 3146 387 3194 vita
405 3146 473 3194 Mos.
492 3145 530 3193 llI
548 3161 574 3208 p.
587 3142 638 3192 (aa
650 3145 667 3192 d
680 3145 750 3193 etde
769 3145 858 3195 mund.
872 3146 938 3210 opif.
965 3163 991 3210 p.
1008 3145 1065 3194 180
1083 3147 1213 3212 l'orplryr.
1233 3145 1311 3194 Stob.

169 3228 249 3261 serm.
263 3212 326 3260 XXI
342 3212 388 3261 185
406 3213 494 3260 Ceam.
509 3212 614 3276 Indepl.
629 3212 680 3260 Vll
694 3228 719 3277 p.
738 3211 788 3262 289
800 3214 898 3262 lllontl.
912 3242 944 3248 -
963 3214 1078 3263 lsidorua
1096 3217 1182 3280 origg.
1203 3212 1246 3262 lll
1264 3213 1311 3261 “29.

170 3281 221 3329 ‘De
235 3280 322 3328 forma
335 3280 434 3329 mundi.
459 3280 599 3328 Formatio
613 3280 702 3328 mundi
715 3280 755 3329 ita
771 3281 980 3331 demonstratur.
1003 3297 1067 3332 nam
1084 3281 1312 3346 quemadmodum

170 3348 283 3412 erigitur
300 3348 413 3398 mundus
432 3349 460 3395 in
478 3347 728 3412 septemtrionalem
747 3348 857 3413 plagam
875 3350 915 3399 ita
927 3349 1080 3399 declinatur
1100 3351 1127 3398 in
1151 3349 1312 3399 arratralem.

170 3422 253 3480 eaput
266 3423 358 3466 mrtem
372 3417 431 3466 cius
444 3420 472 3464 et
484 3415 562 3479 quasi
575 3417 663 3464 facies
677 3416 818 3465 orientalis
832 3418 908 3482 regio
922 3424 976 3474 est,
996 3417 1092 3469 ultima
1109 3434 1173 3483 pars
1191 3424 1312 3483 septem·

170 3482 315 3533 trionalisst
346 3485 382 3533 cs.
401 3482 505 3531 11140:
530 3483 586 3531 ‘De
605 3484 715 3547 gemina
733 3485 807 3534 faeie
829 3486 910 3535 caeli.
940 3486 1040 3534 Facies
1064 3486 1134 3535 caeli
1157 3486 1203 3535 uel
1227 3491 1313 3551 eaput

170 3552 312 3601 orientalis
325 3552 401 3614 regio
415 3556 469 3613 est,
488 3551 584 3600 ultima
601 3551 845 3616 septentrionalis.'
869 3553 979 3601 Servius
998 3555 1056 3602 eorl.
1075 3554 1167 3602 l'hrcls.
1188 3553 1312 3618 georg.l

169 3620 233 3667 stu:
252 3620 377 3669 ‘Mundus
394 3635 443 3685 pro
462 3618 541 3668 caelo
560 3621 706 3684 accipitur:
726 3636 787 3669 narn
802 3621 893 3669 mundi
911 3621 1019 3670 nomino
1033 3627 1160 3685 qrrattuor
1173 3621 1313 3671 elementa

171 3689 352 3737 continentur.
377 3687 599 3751 quemadmodum
614 3687 727 3750 erigitur
743 3689 856 3738 mundus
874 3690 900 3736 in
919 3689 1169 3753 septemtrionalem
1189 3690 1312 3755 plagam,

170 3757 210 3804 ita
223 3756 378 3804 declinatur
390 3757 417 3804 in
431 3753 598 3804 australeru.’
607 3783 639 3790 —
650 3755 755 3804 Plinius
769 3756 800 3804 N.
809 3757 912 3805 ulla:
927 3758 1062 3806 ‘Formam
1077 3758 1135 3806 eius
1147 3759 1175 3806 in
1189 3758 1311 3823 speciem

171 3824 244 3872 orbis
263 3824 380 3873 absoluti
398 3823 539 3888 globatam
557 3838 617 3873 esse
635 3838 733 3872 nomen
752 3825 780 3872 in
798 3824 891 3889 primis
911 3831 938 3873 ct
955 3841 1103 3875 consensus
1121 3826 1148 3874 lu
1163 3842 1196 3875 eo
1210 3831 1310 3875 morta·

1015 3938 1025 3964 C

259 3990 266 4039 1
285 3973 427 4035 comesA¹
439 3978 636 4036 cossimusB'
654 3974 666 4056 ll
681 3980 1184 4058 ‘lmicroscosmosAmigrosmosB
1200 3978 1213 4059 l}
1228 3980 1312 4059 apel·

170 4062 250 4121 latus
270 4072 316 4120 cst
336 4067 364 4120 B
378 4058 391 4144 ΙΙ
407 4073 424 4127 3
444 4070 545 4121 autem
565 4083 617 4119 om.
639 4067 666 4120 B
680 4059 693 4144 ΙΙ
709 4073 726 4124 l
742 4065 873 4140 eregitur
889 4061 923 4122 A¹
942 4060 955 4147 Η
971 4067 1241 4145 septentrionalem
1262 4068 1301 4136 Bl

173 4161 188 4209 b
207 4148 375 4206 declinatur
391 4150 418 4204 B
436 4146 639 4206 ‹leeliuatrrrA
660 4144 673 4230 ΙΙ
695 4149 792 4228 capud
811 4148 877 4208 248²
897 4145 911 4230 ll
933 4152 1212 4229 dseptentrionalis
1230 4157 1282 4210 AB
1298 4149 1302 4233 Ι

172 4241 273 4294 isunt
289 4238 320 4305 ν’·
340 4232 505 4290 secundum
525 4234 692 4293 meridiana
711 4239 741 4306 J·
764 4240 787 4291 A
808 4231 813 4314 Ι
843 4237 967 4293 orientis
992 4240 1016 4294 B
1038 4234 1050 4318 Η
1072 4239 1210 4296 secunda
1225 4238 1311 4298 meri·

173 4317 264 4376 (lirina
287 4323 315 4375 h.
334 4322 351 4375 l.
376 4339 427 4375 om.
447 4313 640 4399 Antaeique
668 4323 741 4376 Bet
765 4315 797 4376 Α1
824 4315 1092 4398 {septentrionalis
1110 4319 1199 4404 Bll⁹
1231 4327 1311 4397 l'erp.

169 4421 266 4477 pepp.
288 4407 376 4461 1235
