2964 5002
674 357 717 397 nn
740 356 857 397 sonnis
1296 341 1341 405 39.

187 500 267 563 nalla
290 502 444 595 insaniae
466 500 733 582 conscribsisset,
747 499 837 587 'quos
861 498 976 587 postea
997 503 1112 566 Cicero
1141 479 1337 586 emenelauit,

188 603 313 687 propria
335 623 372 664 se
394 624 498 672 manu
523 601 791 665 interiecitanno
812 603 928 666 aetatis
951 602 1096 666 xLllll.

732 725 794 785 XV

269 838 306 883 u.
324 836 455 883 rvmvs
468 828 569 906 poeta
585 827 799 906 cognomento
816 838 1010 886 mancvnvs
1027 821 1208 886 Cremonae
1227 825 1330 887 nasci·
1345 820 1422 896 21*

188 935 237 985 tur
257 932 297 995 (a.
320 931 405 1001 652).

722 1045 801 1105 XVI

171 1153 182 1188 ὃ
274 1158 379 1204 (salvs
402 1155 578 1204 vanamvs
605 1155 782 1206 canvnnvs
803 1141 942 1205 scribtor
965 1140 1088 1227 lyricus
1111 1141 1260 1205 Veronae
1283 1165 1338 1204 na·
1353 1130 1429 1202 22*

188 1244 286 1306 scitur
307 1247 339 1316 (t
352 1267 384 1303 m
404 1250 490 1319 667).

271 1343 423 1407 Catullus
445 1340 553 1406 XXX
574 1343 692 1405 aetatis
714 1363 800 1407 anno
821 1343 945 1407 Romae
967 1345 1104 1408 moritur
1122 1350 1189 1420 (†a.
1215 1353 1294 1422 697).
1352 1336 1430 1407 23*

716 1467 812 1525 XVII

270 1581 302 1625 r.
332 1577 532 1626 rausumvs
565 1578 681 1626 vanno
710 1564 783 1627 uico
811 1563 915 1626 Atace
944 1563 977 1626 in
1007 1563 1179 1650 prouincia
1209 1562 1332 1628 Narbo·
1349 1553 1431 1627 24*

191 1664 278 1728 nensi
296 1664 444 1727 nascitur
460 1670 500 1739 (a.
518 1671 606 1741 672):
625 1664 680 1750 qui
702 1664 816 1748 postea
834 1663 970 1729 XXXV
986 1687 1107 1728 annum
1121 1685 1222 1749 agens
1240 1687 1333 1749 grae·
1424 1695 1427 1700 ·

165 1784 241 1829 rocas
263 1764 393 1830 litteras
416 1786 491 1829 curn
513 1785 637 1827 summo
660 1765 768 1829 studio
791 1764 913 1857 didicit.

190 2002 325 2057 tendere)
345 2003 382 2053 ct.
397 2002 539 2068 Vergilius
552 2001 651 2068 Georg.
670 2003 699 2052 11
710 2000 826 2068 490sqq.
844 2003 968 2054 Velleius
981 2004 1008 2054 II
1021 2001 1068 2063 36,
1088 2004 1115 2053 2:
1136 2007 1333 2069 ‘auctoresque

190 2074 340 2124 carminum
351 2071 504 2121 Varronem
523 2085 556 2120 ac
568 2069 751 2120 Lucretium!
771 2071 960 2133 Quintilianus
972 2072 996 2121 X
1018 2071 1040 2132 l,
1059 2070 1104 2121 87:
1125 2072 1221 2122 ‘ceteri
1241 2087 1334 2122 omnes
1431 2069 1436 2077 ”

190 2141 267 2207 longe
290 2144 444 2204 sequentur
466 2136 639 2202 (Verpitr'wa).
675 2154 739 2188 nam
757 2139 853 2188 llacer
876 2144 903 2188 et
920 2140 1068 2189 Lucretius
1086 2139 1198 2205 legendi
1214 2139 1332 2205 quidem,

191 2209 308 2259 sednon
328 2211 358 2256 ut
375 2205 491 2270 phrasin
509 2205 538 2254 iu
556 2210 599 2255 est
617 2221 716 2271 corpus
733 2205 909 2270 eloquentiae
927 2206 1049 2266 faciant3
1073 2206 1217 2273 elegantes
1235 2209 1265 2257 in
1282 2223 1333 2256 sua

115 2289 121 2303 ·
191 2278 303 2342 quisque
322 2274 442 2324 materia
459 2271 510 2322 sed
528 2272 600 2322 alter
610 2272 722 2322 humilis
741 2273 813 2323 altor
830 2272 974 2323 difficilis!
987 2301 1019 2308 —
1035 2275 1071 2323 ‘A
1089 2274 1201 2324 Lucilia
1215 2275 1333 2339 quadam

191 2344 365 2409 propinatum
383 2340 426 2390 illi
444 2340 531 2393 fuisse
549 2339 602 2390 hoc
620 2340 741 2404 philtron
759 2340 906 2390 didicimus
926 2357 959 2390 ex
970 2341 1098 2406 Epistola
1116 2342 1222 2392 Valerii
1242 2343 1332 2391 cuius·

191 2412 249 2460 dam
268 2412 314 2459 ine
337 2411 360 2459 ti
380 2409 525 2473 scriptoris
544 2407 580 2457 ad
598 2408 737 2459 Rufinum:
755 2408 840 2457 Liuia
857 2409 946 2458 uirum
969 2424 1047 2458 smun
1071 2409 1226 2470 interfecit,
1253 2407 1331 2473 quem

189 2479 268 2528 nimis
290 2426 362 2526 oelit:
392 2474 506 2526 Lucilia
527 2490 604 2524 suum
623 2475 694 2539 quod
712 2477 794 2524 nimis
813 2477 925 2524 amauit.
956 2475 1005 2525 illa
1023 2482 1120 2541 sponte
1139 2477 1250 2525 miscuit
1269 2492 1332 2524 aco·

190 2549 282 2595 ultum.
303 2543 374 2593 haec
392 2543 511 2608 decepta
530 2543 647 2592 furorem
666 2544 826 2608 propinarat
844 2559 892 2608 pro
911 2545 1012 2593 amoris
1030 2541 1153 2608 poculo.’
1174 2543 1246 2592 Scal.
1266 2544 1292 2591 h.
1313 2543 1330 2592 l.

190 2615 223 2663 ct.
243 2612 393 2662 Suetonius
406 2609 496 2674 Calig.
515 2608 562 2658 50:
582 2610 712 2660 ‘creditur
731 2610 867 2675 (Culipulu)
886 2613 1045 2676 potionatus
1064 2628 1080 2659 a
1094 2612 1232 2660 Caesonia
1248 2626 1330 2660 tenore

190 2680 325 2731 amatorio
343 2678 452 2742 quidem
472 2677 685 2740 medicamento,
711 2678 760 2728 sed
778 2679 849 2743 quenl
867 2680 896 2727 in
915 2680 1033 2728 furorem
1051 2676 1196 2728 uerteret'

271 2760 328 2814 21*
346 2762 531 2825 Hieronymus
544 2761 587 2810 01.
604 2760 664 2819 161),
684 2761 708 2812 3.
724 2762 758 2810 cf.
774 2762 882 2826 Fragru.
897 2762 934 2813 3*
952 2780 1015 2826 pag.
1035 2763 1081 2824 211,
1101 2764 1124 2810 2.
1143 2760 1331 2822 Quintilianus

189 2832 254 2885 xl.
273 2830 316 2881 96.
336 2831 452 2879 Tacitus
476 2831 545 2878 Ann.
570 2830 608 2878 IV
635 2829 682 2880 34:
725 2831 863 2879 ‘carmina
891 2831 1019 2879 Bibaculi
1044 2836 1072 2880 et
1095 2829 1199 2879 Catulli
1228 2829 1332 2878 referta

190 2898 366 2949 contumeliis
384 2897 535 2946 Caesarum
558 2895 708 2961 leguntur)
743 2898 866 2947 Messala
886 2898 1020 2947 Corvinus
1045 2914 1088 2962 ap.
1114 2898 1274 2946 Suetonium
1297 2897 1331 2946 de

189 2983 301 3031 gramm.
322 2972 350 3015 et
363 2964 431 3014 rhet.
457 2965 485 3013 l:
505 2965 568 3013 ‘non
587 2981 646 3014 esse
666 2966 720 3013 sibi
739 2981 795 3014 rem
814 2980 875 3014 cum
893 2966 977 3015 Furio
995 2965 1131 3014 Bibaculo
1150 2980 1183 3014 ne
1203 2978 1264 3014 cum
1284 2965 1331 3013 Ti-

190 3036 252 3084 cida
265 3032 375 3097 «paridem
393 3037 442 3081 aut
459 3032 614 3082 litteratore
634 3031 764 3082 Catone.’

272 3115 327 3168 22*
340 3117 522 3181 Hieronymus
535 3116 577 3165 01.
600 3115 662 3179 173,
682 3118 705 3165 2.
725 3114 780 3169 211*
792 3117 976 3180 Hieronymus
995 3114 1114 3177 ot.180‚
1134 3116 1158 3164 4.
1178 3116 1331 3181 Utrobique

190 3187 317 3250 decennii
340 3184 601 3246 metachronismus,
620 3185 644 3233 si
663 3186 871 3248 sagacissimam
890 3184 1063 3232 Laehruanni
1082 3179 1271 3233 coniecturanl
1289 3199 1332 3233 se-

190 3256 311 3319 quimur,
325 3267 378 3316 qua
390 3253 586 3315 Hieronymum
601 3254 649 3300 (¹u.
665 3247 815 3301 Octauimn‘
826 3252 873 3301 Cn.
890 3252 1042 3300 filiumeos.
1056 3267 1079 3299 a.
1094 3250 1143 3300 667
1157 3267 1216 3300 terrm
1232 3268 1331 3317 cogno·

190 3324 261 3371 mbae
280 3323 317 3371 M.
337 3320 394 3369 filio
413 3333 469 3369 eos.
491 3334 515 3368 a.
535 3318 584 3369 678
603 3320 761 3370 confudisse
780 3322 887 3369 statuit.
907 3346 939 3353 -
959 3319 1106 3367 Suetonius
1125 3318 1175 3367 Iul.
1195 3318 1241 3368 73:
1262 3320 1330 3368 ‘Va-

190 3390 286 3439 lerium
307 3387 459 3445 Catullum,
486 3402 502 3435 a
521 3403 572 3451 quo
595 3388 649 3437 sibi
668 3388 813 3437 uersiculis
838 3388 871 3437 de
890 3389 1028 3436 Mamurra
1047 3393 1182 3452 perpetua
1200 3387 1332 3451 stigmata

190 3458 319 3522 imposita
333 3472 385 3504 non
405 3454 643 3516 dissimulauerat,
664 3458 733 3508 satis
749 3456 901 3504 facientem
915 3455 1011 3504 eadem
1024 3455 1068 3503 elic
1088 3455 1213 3503 adhibuit
1226 3469 1331 3503 caenae

189 3524 363 3590 hospitioque
376 3523 464 3588 patris
478 3522 536 3571 citis
549 3524 622 3572 sicut
635 3529 782 3572 consuerat
795 3525 836 3571 uti
849 3521 1063 3587 perseuerauit’
1083 3523 1120 3570 cs.
1133 3523 1249 3570 Tacitus
1261 3522 1329 3569 Anu.

191 3593 226 3641 n*
244 3593 276 3641 {tl
296 3592 404 3655 Fragm.
424 3589 461 3639 3*
479 3606 542 3654 pag.
560 3591 607 3653 20,
629 3590 650 3639 1.
681 3591 870 3652 Quintilianus
888 3592 912 3638 X
935 3588 959 3649 1,
979 3587 1020 3636 uo.
1047 3587 1171 3637 Velleius
1190 3588 1217 3637 11
1234 3587 1281 3650 311,
1300 3591 1330 3636 ⁶2:

189 3655 292 3725 ‘neque
312 3659 368 3708 ullo
386 3660 414 3707 in
434 3659 555 3722 suscepti
575 3659 666 3724 operis
685 3660 729 3707 sui
742 3659 864 3707 carmine
884 3658 1014 3705 minorem
1034 3654 1195 3704 Catullum‘

272 3741 328 3795 21*
345 3743 529 3807 Hieronymus
544 3743 586 3792 01.
603 3742 664 3804 171,
678 3742 702 3792 3.
721 3742 848 3792 Velleius
866 3742 892 3790 Il
912 3739 956 3800 36,
976 3741 999 3788 2.
1031 3740 1067 3788 lt.
1087 3742 1195 3789 Seneca
1209 3746 1330 3789 aoritrov.

189 3813 239 3862 vn
260 3812 293 3861 lo
310 3828 335 3875 p.
364 3810 425 3871 tas,
450 3809 536 3875 Ssqq.
573 3810 763 3872 Quintilianus
782 3811 806 3858 X
832 3809 857 3870 1,
877 3808 923 3855 87:
966 3808 1115 3856 ‘Atacinus
1135 3809 1221 3857 l'arro
1244 3809 1271 3856 iu
1291 3807 1331 3855 eis

189 3897 236 3946 per
255 3896 325 3944 quae
344 3894 445 3927 nomen
465 3885 507 3927 est
525 3886 669 3928 assecutus
688 3880 825 3942 interpres
844 3877 934 3941 operis
960 3874 1059 3931 alieni,
1085 3892 1138 3924 uon
1163 3873 1332 3939 spernendus

189 3949 296 4012 quidem
317 3962 412 3996 nemun
432 3946 639 4012 adaugendam
660 3946 824 3994 fucultatem
843 3943 953 3993 ‹lieeudi
972 3958 1067 4008 parum
1086 3941 1234 4008 locuples.'

268 4185 434 4248 extuli
466 4187 517 4240 BP
538 4183 770 4262 quadragesimo
794 4192 901 4259 quarto
926 4185 1000 4238 Secti.
1023 4174 1036 4259 {l
1059 4179 1211 4241 :titaneus
1230 4178 1330 4246 (Serti.)

187 4274 198 4337 l
214 4272 367 4332 Cremona
388 4265 441 4349 Bll
457 4281 472 4329 ὁ
492 4269 526 4330 C.
548 4271 623 4326 Saul.
640 4264 653 4347 ll
669 4276 683 4329 7
698 4267 823 4326 (latulus
839 4269 866 4323 B
881 4261 895 4347 ll
909 4276 926 4326 e
941 4263 1120 4322 Torrentius
1142 4265 1169 4317 B
1183 4256 1197 4341 Η
1212 4260 1330 4318 Uuarro

187 4361 210 4415 a
230 4354 242 4439 Η
265 4367 281 4422 o
299 4355 433 4416 xxxv
451 4353 662 4427 (1111111111
687 4354 714 4408 a
