2964 5002
196 345 237 409 46
575 366 617 407 nn
642 365 728 408 vnns
752 365 965 410 rnnvsrnnrvs

196 514 286 577 iocos
309 513 519 599 purissimum
547 534 663 597 penem
692 522 724 575 et
745 513 994 577 homuncionem
1022 513 1261 598 lepidissimum
1286 535 1343 601 ap-

197 614 313 700 pellat,
353 634 481 698 rrnaque
513 622 544 675 et
576 612 679 675 altera
713 611 911 676 liberalitate
946 612 1168 700 locupletauit.
1220 617 1344 701 scripta

198 714 329 799 quidem
353 714 423 775 cius
447 713 656 799 usqueadeo
679 711 832 799 probauit
854 735 1072 800 mansuraque
1096 724 1253 801 perpetuo
1274 716 1341 800 opi·

198 825 294 878 natus
329 824 392 894 est,
434 823 471 876 ut
503 836 568 878 non
606 814 702 877 modo
736 813 890 878 Seculare
923 835 1053 878 carmen
1093 815 1343 900 conponendam

197 917 377 979 iniunxerit
417 914 472 977 sed
508 923 540 977 et
574 913 782 978 Vindelicum
813 916 984 978 uictoriam
1014 913 1140 978 Tiberii
1174 914 1365 1002 Drusiques

196 1017 435 1102 priuignorum.
462 1036 595 1079 suorum
629 1037 765 1101 eumque
797 1017 942 1100 coegerit
971 1025 1105 1102 propter
1140 1014 1202 1079 hoc
1235 1015 1343 1079 tribus

197 1118 377 1180 carminum
406 1115 498 1179 libris
526 1115 684 1199 exlongo
711 1114 885 1179 interuallo
913 1106 1065 1202 quartum
1088 1113 1226 1196 addere,
1268 1123 1344 1206 post

194 1239 362 1291 ,sermones
390 1238 468 1281 uero
497 1216 654 1301 quosdam
681 1215 781 1281 lectos
809 1215 932 1280 nullam
958 1217 1009 1281 sui
1032 1216 1230 1280 mentionem
1251 1214 1342 1279 habi·

195 1327 262 1381 tam
285 1319 332 1381 ita
357 1320 400 1381 sit
421 1327 575 1404 questus:
613 1317 728 1379 ‘irasci
745 1339 797 1379 me
819 1317 880 1381 tibi
902 1319 999 1397 scito,
1023 1316 1111 1403 quod
1132 1336 1197 1379 non
1219 1317 1254 1378 in
1276 1315 1343 1402 ple·

158 1432 167 1475 .’
197 1422 308 1504 risque
335 1420 405 1482 eius
434 1418 522 1482 modi
551 1418 680 1503 scriptis
707 1439 834 1481 mecum
862 1418 1065 1504 potissimum
1095 1415 1258 1502 loquaris3
1299 1431 1378 1479 anw

197 1519 322 1583 uereris
346 1542 387 1583 ne
416 1507 507 1603 apud¹
531 1529 676 1603 posteros
705 1517 828 1581 infame
856 1518 916 1583 tibi
936 1520 993 1599 sit,
1023 1518 1109 1604 quod
1130 1516 1277 1580 uideatis
1296 1517 1343 1580 ia-

162 1617 165 1620 ’
197 1619 335 1684 miliaria
358 1620 452 1684 nobis
481 1617 595 1682 esse?'
630 1620 894 1705 expresseritque
919 1618 1066 1704 eclogam
1090 1617 1141 1682 ad·
1157 1639 1207 1699 se,
1248 1619 1343 1681 cuius

197 1722 326 1784 initium
348 1731 413 1784 est:

281 1908 297 1958 5
316 1924 373 1972 sqq.
399 1908 549 1957 Commeat.
567 1906 652 1970 Cruq.
666 1907 695 1955 in
708 1907 774 1956 Hor.
794 1907 930 1957 carm.·1V
944 1906 972 1968 l,
994 1906 1020 1955 l:
1040 1906 1194 1956 ‘Statuerat
1205 1907 1341 1956 Horatius

197 1976 232 2024 nd
250 1977 361 2025 tortium
379 1990 465 2038 usque
483 1974 582 2023 librum
601 1973 738 2038 complere
758 1989 825 2039 opus
844 1975 1008 2023 carminum:
1043 1978 1137 2023 ueruin
1156 1974 1244 2022 tribus
1263 1972 1344 2022 libris

152 2082 157 2086 .
197 2045 251 2091 iarn
271 2043 367 2103 editis,
388 2058 421 2091 ex
440 2042 558 2090 maximo
577 2040 725 2091 interuallo
744 2042 816 2090 luurc
840 2047 964 2106 quartum
983 2042 1105 2091 scribere
1124 2041 1281 2105 compulsus
1300 2046 1344 2089 est

196 2112 232 2159 ab
250 2112 387 2174 Augusto,
406 2116 437 2159 ut
455 2110 541 2158 refert
554 2108 702 2158 Suetonius
721 2110 748 2158 in
767 2110 827 2157 uita
840 2109 964 2170 Horatii,
984 2111 1013 2157 iu
1030 2108 1139 2158 laudem
1159 2109 1281 2172 priuigni
1299 2109 1342 2156 sui

196 2178 280 2225 Drusi
292 2177 422 2238 Neronis,
443 2176 489 2240 qui
501 2177 593 2225 uictor
610 2176 643 2225 dc
661 2177 759 2225 Raetis
775 2176 931 2225 Vindelicis
948 2176 1041 2225 suerat
1058 2173 1205 2224 reuersus!
1236 2174 1341 2224 Eadem

197 2246 253 2293 iere
267 2248 358 2293 Acron
377 2245 412 2293 arl
430 2243 456 2292 h.
471 2243 488 2292 l.
508 2244 562 2293 nisi
574 2243 645 2308 quod
655 2243 816 2293 Suetonium
825 2259 883 2293 aon
895 2244 1027 2293 nominat
1048 2243 1200 2307 Porphyrio
1214 2243 1242 2292 in
1261 2243 1287 2291 b.
1308 2242 1341 2290 l.:

197 2313 278 2361 ‘Post
296 2317 498 2361 consummatos
523 2311 666 2374 editosque
689 2316 746 2361 trcs
771 2312 923 2361 carminum
946 2311 1030 2360 libros
1049 2310 1167 2360 maximo
1193 2308 1342 2359 interuallo

196 2380 268 2428 hunc
293 2377 418 2444 quartum
442 2379 563 2428 scribere
588 2378 743 2443 compulsus
767 2394 827 2441 esse
852 2379 953 2428 dicitur
977 2378 1012 2427 ab
1035 2381 1159 2443 Augusto
1176 2382 1207 2427 ut
1223 2377 1343 2426 Neronis

196 2447 316 2512 priuigni
336 2448 395 2496 eius
413 2448 558 2496 uictoriam
578 2446 611 2495 de
630 2447 747 2495 Rhoetis
764 2446 929 2495 Vindeliciis
947 2447 1102 2511 quaesitam
1119 2442 1298 2494 illustraret’

281 2516 366 2579 isqq.
386 2513 537 2579 Porplryrio
551 2515 580 2562 in
599 2515 664 2562 Hor.
685 2515 765 2577 epist.
785 2514 813 2563 11
833 2512 860 2575 l,
881 2513 908 2562 l:
934 2514 1070 2578 ‘Apparet
1087 2513 1160 2562 iruna
1178 2512 1292 2573 librum,
1312 2517 1343 2561 ut
1360 2519 1362 2523 ’

196 2597 278 2648 snpra
297 2583 428 2643 diximus,
451 2581 563 2630 hortatu
583 2581 712 2630 Caesaris
730 2582 861 2645 scriptum
881 2596 955 2643 esse,
980 2581 1057 2629 cuius
1081 2581 1121 2629 roi
1141 2580 1224 2630 ctiam
1244 2579 1342 2629 Sueto·
1380 2601 1386 2610 ·

195 2651 257 2699 nius
277 2654 441 2699 auctorest.
478 2664 541 2697 nam
560 2649 633 2712 apud
651 2663 710 2697 cum
729 2648 849 2712 epistola
866 2650 1006 2697 inuenitur
1033 2649 1151 2713 Augusti
1169 2648 1342 2712 increpantis

197 2719 354 2778 Horatium,
380 2716 450 2780 quod
473 2732 527 2765 non
546 2715 581 2764 ad
605 2731 634 2764 se
654 2731 759 2779 quoque
783 2716 900 2779 plurima
923 2716 1036 2765 scribat.
1079 2731 1145 2779 ergo
1168 2715 1220 2764 hoc
1240 2714 1342 2779 princi·

196 2785 270 2847 pinrrr
286 2800 349 2833 cum
364 2784 444 2833 laude
463 2784 637 2847 imperatoris
656 2788 684 2831 ct
702 2785 737 2831 ab
757 2785 949 2844 excusatione,
969 2783 1039 2848 quod
1058 2783 1135 2831 illum
1153 2783 1242 2832 uoluit
1261 2784 1342 2845 (immo

196 2851 325 2914 nolucrit)
337 2857 501 2915 occupatum
513 2852 540 2898 in
552 2866 580 2898 rc
594 2848 705 2915 publica
719 2851 776 2899 suis
788 2851 920 2916 impedire
938 2848 1129 2900 sermonibus)
1147 2851 1300 2915 l'orplryrio
1314 2851 1342 2898 iu

196 2919 261 2966 Hor.
276 2935 318 2983 ep.
338 2916 416 2965 1202
437 2917 523 2966 ‘Sanc
543 2934 574 2965 cr
595 2918 637 2966 bis
655 2919 781 2966 uersibus
801 2923 829 2967 ct
847 2919 876 2967 in
892 2919 1028 2983 principio
1047 2919 1187 2982 sequentis
1207 2918 1270 2966 libri
1295 2933 1341 2981 ap-

195 2991 276 3048 parot
287 2985 433 3054 HoratIum
443 2985 495 3034 ho'c
506 2985 634 3033 uolumen
646 2986 725 3048 quasi
736 2985 914 3035 nouissimum
925 2987 1010 3034 totius
1022 2988 1113 3050 operis
1124 2985 1264 3034 habuisse.
1279 3000 1341 3034 nam

197 3052 345 3101 secundum
365 3053 543 3116 epistolarum
563 3057 675 3101 coactus
689 3051 818 3102 'adiecit’
856 3052 1006 3103 Comment.
1027 3054 1108 3116 Crnq.
1129 3054 1157 3101 in
1176 3053 1201 3101 lr.
1223 3053 1255 3102 l.:
1274 3054 1341 3102 ‘Au-

196 3125 276 3180 gusto
300 3120 457 3183 increpanti
480 3121 626 3170 Horatium
650 3120 720 3183 quod
743 3136 798 3170 non
822 3121 857 3169 ad
880 3137 910 3170 se
929 3135 1035 3185 quoque
1058 3121 1177 3186 plurima
1196 3121 1341 3182 scriberet,

196 3192 226 3234 ut
245 3188 391 3237 Suetonius
410 3193 507 3237 auctor
525 3188 629 3247 eet,'in
647 3187 742 3252 primis
761 3203 822 3238 cum
835 3189 917 3238 laudo
931 3189 1060 3238 Caesaris
1078 3204 1139 3237 seso
1158 3194 1288 3248 excusat,
1308 3203 1341 3237 ne

197 3256 284 3317 ipsum
306 3255 331 3302 in
352 3255 496 3319 republica
514 3262 680 3320 occupatum
697 3256 755 3304 suis
777 3256 889 3320 scriptis
908 3254 1070 3318 detineret’
1106 3257 1195 3304 Acron
1215 3256 1244 3304 in
1262 3256 1289 3304 li.
1309 3255 1342 3304 l.:

195 3446 248 3500 μεν
268 3429 400 3483 Nunnius
416 3414 725 3502 ἇνθυπερφρονοῦμεν
741 3428 873 3484 Marcius
888 3421 901 3507 Η
916 3435 1058 3505 preterea
1077 3430 1104 3484 E
1118 3424 1131 3508 Η
1146 3445 1220 3505 sepe
1236 3429 1286 3484 ΟΕ
1298 3423 1311 3508 ΙΙ
1329 3440 1340 3488 l

194 3504 382 3587 purissimum
399 3513 552 3568 Lambinus
567 3505 580 3591 ll
595 3530 704 3589 penem
722 3513 870 3569 Muretus:
896 3531 976 3590 pene
993 3514 1067 3568 ACD
1089 3533 1168 3591 pene
1185 3515 1214 3567 Ε
1224 3531 1342 3589 poenae

197 3598 328 3652 Nunnius
343 3593 356 3675 Η
371 3596 597 3653 homuntionem
613 3598 718 3654 Acon
730 3593 745 3679 Η
761 3596 877 3675 apellat
888 3598 962 3654 ACI)
977 3591 990 3676 ΙΙ
1005 3578 1224 3675 3eiusi1sque]
1239 3597 1341 3677 eiusq;

112 3697 115 3713 ¹
197 3674 245 3759 (ΖΗ
259 3690 407 3758 perpetuo
418 3682 564 3748 Nunnius,
585 3683 733 3752 Muretus:
749 3690 897 3760 perpetuu
913 3684 1017 3739 ACDE
1028 3680 1042 3760 i]
1059 3683 1198 3759 opinatus
1220 3689 1267 3738 est
1289 3702 1341 3739 om.

196 3769 224 3821 B
245 3758 257 3841 (
262 3808 601 3823 ................
622 3765 777 3844 Oraquius)
800 3760 813 3846 Η
834 3765 951 3826 4modo
972 3786 1048 3825 corr.
1066 3784 1081 3824 e
1099 3765 1211 3824 mundo
1229 3786 1265 3822 m.
1278 3771 1341 3825 eud.

195 3857 223 3907 in
236 3851 258 3905 C
272 3846 283 3925 {j
300 3849 531 3927 conponendum
541 3851 813 3928 &componendum
825 3855 936 3910 ΑΒΕΕ
949 3846 962 3930 Η
976 3861 1073 3914 Sueto
1086 3850 1234 3931 quosdam
1247 3851 1342 3909 lectos

196 3937 299 3992 ACDE
314 3954 387 3992 uero
405 3934 501 3991 lectos
522 3933 670 4010 quosdam
689 3937 832 4009 Cruqur'us
848 3956 921 3994 uero
944 3937 1041 4000 lectos
1063 3938 1200 3993 Muretusv
1220 3954 1343 4015 quoque

195 4021 291 4078 lectos
308 4021 439 4075 Nunnius
455 4012 468 4098 ss
483 4019 657 4075 memoriam
669 4022 697 4075 Ε
709 4024 796 4088 (corr.
816 4039 851 4076 nr.
871 4027 896 4093 1)
914 4016 927 4102 Η
945 4032 973 4083 11
992 4021 1104 4078 ueteris
1116 4022 1205 4092 (corr.
1223 4042 1258 4078 m.
1279 4029 1304 4096 l)
1324 4022 1347 4077 C

197 4101 209 4183 ΙΙ
237 4115 267 4165 1⁶2
288 4102 375 4162 nobis
398 4105 484 4158 multo
508 4107 663 4183 recentiori
684 4124 759 4161 mun.
779 4108 808 4160 in
830 4108 857 4160 Ε
874 4123 1024 4177 suprascr.
1053 4099 1066 4186 ΙΙ
1095 4108 1343 4185 expresseritque

194 4194 312 4262 scripsi,
328 4192 401 4246 idem
419 4190 549 4244 correxit
566 4190 770 4246 Lucbnruunus
784 4193 812 4245 in
830 4208 882 4262 inp.
899 4194 942 4247 ed.
966 4191 1051 4262 Wolf.
1068 4209 1154 4262 quum
1170 4193 1345 4249 Bitscheiius

194 4278 265 4331 milri
288 4276 489 4332 cornnroduoit:
519 4274 730 4351 expressitque
746 4277 813 4331 libri
831 4268 843 4352 Η
867 4274 1005 4350 eclogam
1026 4277 1176 4336 Muretus.-
1201 4277 1343 4354 eglogam

195 4361 299 4415 ACDE
312 4359 444 4435 elogium
465 4358 597 4414 Nunnius
618 4352 631 4437 [Ι
651 4358 690 4416 ad
708 4379 741 4417 ae
761 4376 812 4414 om.
827 4362 855 4416 B
870 4352 883 4438 ΙΙ
900 4369 934 4421 13
953 4361 1076 4418 inicium
1099 4359 1122 4415 C
1193 4368 1225 4422 Ο
