2964 5002
367 372 492 423 coms
513 372 689 421 retrorsit
712 372 870 420 resersus
894 372 1101 419 eousemrrs
1250 363 1307 428 301

236 526 379 591 omnibus
402 524 463 590 bas
484 523 586 590 lector
604 525 808 609 coniungens
830 523 997 588 mensibus
1019 522 1116 587 bores

236 649 309 715 quos
331 636 490 712 superent
511 627 616 712 spatio
637 624 825 689 umbrarum
847 623 1008 688 cedantue
1028 622 1150 688 uidete.

237 729 292 794 boc
312 736 425 791 tamen
448 728 485 791 in
503 729 615 812 primis
633 747 771 790 noscens
793 727 946 805 retineto,
970 724 1057 811 quod
1080 723 1171 788 orbis

236 830 382 895 boemo
399 836 510 914 partes
531 828 642 891 uarias
660 825 801 892 forment
821 847 952 912 quoque
973 837 1086 890 metas.

236 952 303 994 nam
325 950 411 1012 quae
433 929 544 994 uicino
565 937 731 993 torrentur
750 926 819 990 sole
841 924 901 990 sub
923 935 1086 1007 austrum,

236 1042 267 1095 ut
287 1052 384 1116 mage
406 1028 479 1094 luce
498 1031 621 1111 nitent,
643 1029 794 1093 minimas
817 1029 866 1092 sic
885 1029 1022 1113 gignere
1041 1036 1178 1114 possunt

236 1132 381 1196 umbras:
423 1151 514 1219 quae
528 1129 647 1194 boreae
671 1128 857 1215 frigentque
877 1131 1049 1215 iacentque
1066 1129 1128 1192 sub
1148 1150 1227 1210 axe,

152 1263 157 1273 ·
236 1241 323 1297 nocte
344 1233 450 1318 magis
473 1230 573 1317 longa
593 1230 801 1315 tenebrisque
820 1239 1010 1316 premuntur
1031 1230 1159 1316 opacis:

236 1356 313 1421 quae
335 1333 453 1398 mediis
474 1333 517 1397 ab
538 1341 676 1416 utroque
698 1329 862 1394 absistunt
883 1329 1031 1416 partibus
1052 1351 1131 1413 axe,

236 1438 315 1500 inter
339 1445 514 1521 utrumque
532 1435 629 1498 etiam
654 1431 760 1495 lucem
782 1431 993 1495 moderantur
1013 1440 1045 1493 et
1067 1431 1211 1496 umbras.
1294 1439 1301 1451 '

236 1558 308 1622 ergo
331 1557 410 1621 age,
434 1536 462 1598 si
485 1534 634 1598 subiecta
655 1533 818 1618 legentem
841 1532 964 1619 pagina
984 1529 1086 1596 lector

236 1647 265 1701 te
284 1645 409 1717 mouet,
429 1634 515 1700 bane
536 1633 594 1698 illa
615 1636 750 1720 regione
771 1632 928 1719 probabis
950 1631 1084 1720 abipso

236 1726 591 1823 Danubio'Hesperiee
610 1738 733 1822 primos
754 1756 820 1820 qua
839 1734 948 1819 uergit
970 1733 1012 1797 ad
1034 1744 1140 1799 ortus:

235 1840 460 1926 Lugdunoque
479 1837 562 1903 urbe
583 1846 616 1900 et
637 1836 789 1900 Rhodani
809 1835 966 1900 distincta
986 1834 1118 1901 fluentis

235 1941 367 2028 respicit
388 1938 512 2003 Oceani
535 1937 712 2002 interfusus
734 1937 812 2002 orbe
833 1935 1021 2002 Britannos.

170 2018 174 2043 Ι
236 2042 291 2106 hoc
314 2062 444 2130 quoque
464 2049 498 2104 te
521 2040 607 2103 iuste
627 2037 778 2103 horarum
801 2058 955 2102 mensura
976 2035 1135 2118 monebit,

236 2144 420 2208 umbrarum
443 2149 549 2206 motus
568 2140 684 2225 primis
703 2161 745 2203 ne
765 2141 851 2203 forte
872 2136 1034 2205 Kalendis

234 2265 352 2330 ponere
374 2252 408 2307 et
429 2239 590 2306 adfinem
614 2240 698 2305 uelis
721 2238 900 2327 perducere
921 2244 1054 2305 mensis.

235 2366 306 2409 nam
327 2342 436 2431 pridie
458 2341 648 2407 umbrarum
668 2340 769 2405 fuerit
787 2363 871 2427 quae
891 2351 978 2404 meta
999 2343 1159 2427 priorum,

236 2445 293 2510 sub
314 2452 443 2511 noctem
469 2444 584 2531 nequit
600 2443 635 2507 in
655 2462 759 2506 uanos
777 2443 916 2505 transire
939 2462 1108 2525 recursus,

235 2545 380 2611 amedio
401 2545 436 2608 in
455 2543 597 2610 medium
618 2545 740 2609 sensim
760 2543 817 2606 sed
840 2564 987 2607 crescere
1008 2565 1153 2608 mensem

236 2647 420 2712 deminuiue
440 2644 573 2711 umbras
593 2667 673 2711 uera
690 2644 815 2708 ratione
837 2643 1007 2725 docemur,

235 2770 253 2811 a
272 2747 383 2813 medio
402 2750 437 2810 in
455 2747 599 2811 medium
620 2749 788 2832 signorum
807 2753 845 2808 ut
865 2744 1010 2810 uoluitur
1029 2755 1129 2812 ortus.

235 2847 319 2914 linea
336 2870 422 2935 quae
441 2847 515 2913 lani
535 2849 642 2934 prima
664 2860 715 2911 est
734 2848 919 2934 pariterque
937 2847 1147 2931 Decembris,

234 2952 364 3019 tricenis
385 2949 525 3036 pedibus
546 2948 697 3034 binisque
721 2949 904 3035 exporrigit
926 2950 1089 3027 umbram,

234 3052 438 3137 undenisque
457 3070 597 3136 sequens
618 3049 768 3137 pedibus.
811 3071 889 3112 mox
911 3049 1025 3112 umbra
1047 3053 1161 3117 recisis

232 3163 358 3218 tanturn
379 3151 543 3217 bisdenis
567 3173 696 3238 unoque
716 3161 851 3215 extenta
872 3151 1020 3239 patescit.

161 3271 178 3311 tt
233 3254 358 3320 umbris
379 3255 452 3340 ipse
473 3253 585 3319 decem
608 3254 679 3337 figit
701 3253 798 3317 simul
821 3264 918 3339 atque
940 3274 1085 3317 nouenos

232 3376 347 3420 rursus
368 3364 402 3420 et
419 3354 497 3419 binc
516 3356 656 3439 geminis
680 3355 747 3419 sole
769 3363 979 3418 excrescente
1001 3355 1124 3439 fugatis

256 3540 288 3594 19
309 3527 544 3609 umbrarumque
572 3527 722 3588 cadantue
748 3529 884 3586 Pithoeus
906 3532 936 3585 in
958 3547 1012 3602 mo.
1035 3523 1103 3610 1124
1125 3528 1311 3613 frigentque]

178 3615 382 3693 uringuntque
404 3615 540 3672 Pithoeus
563 3618 592 3671 in
622 3634 676 3688 mp.
697 3609 711 3694 ΙΙ
734 3623 768 3676 ’29
784 3614 831 3671 Te
853 3619 971 3685 mouet,
1007 3613 1085 3673 bunc
1110 3614 1163 3673 illu
1187 3618 1312 3693 regions

177 3697 313 3775 probabis
341 3698 380 3756 ab
405 3698 472 3778 ipso
497 3696 656 3770 Danubio,
684 3699 857 3776 Hesperiae
882 3701 944 3755 cod.
973 3697 1002 3754 S.
1031 3701 1107 3756 Gothi
1132 3704 1167 3757 oh
1194 3702 1312 3759 Heinsio

176 3787 300 3841 asotos
324 3791 355 3841 te
381 3791 497 3854 mouet,
517 3783 689 3842 *ancillam
714 3784 840 3859 regione
863 3780 1007 3859 probabis
1031 3781 1069 3840 ab
1093 3784 1158 3861 ipso
1176 3807 1189 3841 e
1208 3786 1312 3844 liano·

174 3867 218 3927 tio
233 3867 387 3947 Esperiae
402 3869 552 3926 lithoeus:
570 3872 642 3926 idem
657 3872 686 3925 iu
698 3886 751 3942 my.
765 3872 812 3924 sui
823 3870 1001 3939 corruptoris
1016 3884 1055 3924 eu
1068 3887 1091 3925 o.
1102 3887 1128 3927 c.
1140 3869 1313 3947 Hesperiae

176 3946 187 4033 ΙΙ
197 3971 278 4034 quae
288 3952 326 4011 ‘a
339 3953 378 4010 c.’
391 3954 528 4011 Pithoeus
543 3948 556 4035 {i
572 3964 607 4016 30
617 3952 828 4030 Lugdunoque
841 3954 878 4008 ‘u
889 3954 927 4008 e.'
941 3948 1095 4010 Pithoeus}
1111 3953 1313 4032 Lugduniqus

173 4041 252 4113 soleo
265 4031 281 4118 ΙΙ
295 4045 332 4100 33
347 4032 497 4115 monebit]
514 4036 637 4096 docebit
652 4041 713 4096 cod.
734 4038 763 4093 S.
787 4039 863 4093 Gothi
878 4056 895 4091 o
911 4055 987 4094 mort.
1003 4057 1049 4110 pr.
1067 4033 1080 4117 ΙΙ
1095 4037 1215 4100 assistit
1234 4037 1311 4095 tb‘o.
1333 4098 1341 4108 ,

148 4190 153 4204 .
172 4125 206 4180 α’
227 4124 366 4180 Rthoeae
386 4116 401 4203 ΙΙ
420 4129 459 4184 37
479 4121 587 4199 uanos]
603 4123 705 4181 uarios
725 4125 786 4179 cod.
809 4123 837 4176 S.
856 4123 932 4178 Gothi
944 4130 972 4179 et
984 4125 1120 4180 Pithoeus
1133 4128 1161 4178 in
1180 4138 1234 4193 my.
1251 4116 1326 4199 1139·

172 4206 277 4266 umbra
290 4208 427 4264 Pithoeus
441 4200 454 4287 Η
474 4215 510 4268 te
526 4217 590 4280 post
611 4210 687 4265 hunc
710 4223 821 4264 uersum
846 4209 926 4263 auoit
950 4217 1112 4280 sequentem
1135 4208 1269 4261 Pithoeus
1284 4209 1315 4261 irs

171 4308 221 4351 suo
236 4295 420 4366 exemptori:
452 4290 592 4351 horarum
617 4293 676 4350 iam
695 4309 776 4349 nune
795 4298 936 4348 texemus
953 4291 983 4349 in
1004 4291 1108 4350 ordine
1128 4298 1225 4347 metas
1245 4284 1259 4372 ΙΙ
1279 4297 1315 4352 44

172 4387 302 4439 tamnes
319 4379 384 4435 cod.
401 4377 433 4435 S.
454 4377 531 4434 Gothi
