<?xml version="1.0" encoding="UTF-8"?>
<!DOCTYPE html PUBLIC "-//W3C//DTD XHTML 1.0 Transitional//EN"
    "http://www.w3.org/TR/xhtml1/DTD/xhtml1-transitional.dtd">
<html xmlns="http://www.w3.org/1999/xhtml" xml:lang="en" lang="en">
 <head>
  <title>
</title>
<meta http-equiv="Content-Type" content="text/html;charset=utf-8" />
  <meta name='ocr-system' content='tesseract 3.04.00' />
  <meta name='ocr-capabilities' content='ocr_page ocr_carea ocr_par ocr_line ocrx_word'/>
</head>
<body>
  <div class='ocr_page' id='page_1' title='image "./csvetonitranqvi00ritsgoog_0314.png"; bbox 0 0 2964 5002; ppageno 0'>
   <div class='ocr_carea' id='block_1_1' title="bbox 538 381 1325 442">
    <p class='ocr_par' dir='ltr' id='par_1_1' title="bbox 538 381 1325 442">
     <span class='ocr_line' id='line_1_1' title="bbox 538 381 1325 442; baseline 0.014 -11"><span class='ocrx_word' id='word_1_1' title='bbox 538 388 710 431; x_wconf 81' lang='lat' dir='ltr'><strong>vnnnonvu</strong></span> <span class='ocrx_word' id='word_1_2' title='bbox 734 392 972 433; x_wconf 78' lang='lat' dir='ltr'><strong>msssnsxrrau</strong></span> <span class='ocrx_word' id='word_1_3' title='bbox 1263 381 1325 442; x_wconf 80' lang='lat'><strong>279</strong></span> 
     </span>
    </p>
   </div>
   <div class='ocr_carea' id='block_1_2' title="bbox 163 537 1323 1334">
    <p class='ocr_par' dir='ltr' id='par_1_2' title="bbox 163 537 1323 1008">
     <span class='ocr_line' id='line_1_2' title="bbox 267 537 1323 622; baseline 0.005 -21"><span class='ocrx_word' id='word_1_4' title='bbox 267 537 470 602; x_wconf 73' lang='lat' dir='ltr'><strong>dilsssnn&#39;rvs</strong></span> <span class='ocrx_word' id='word_1_5' title='bbox 495 546 530 601; x_wconf 89' lang='lat' dir='ltr'><strong>et</strong></span> <span class='ocrx_word' id='word_1_6' title='bbox 558 543 741 619; x_wconf 69' lang='lat' dir='ltr'><strong>msuanvsj</strong></span> <span class='ocrx_word' id='word_1_7' title='bbox 775 537 861 622; x_wconf 90' lang='lat' dir='ltr'><strong>quod</strong></span> <span class='ocrx_word' id='word_1_8' title='bbox 889 539 1037 602; x_wconf 85' lang='lat' dir='ltr'><strong>miserari</strong></span> <span class='ocrx_word' id='word_1_9' title='bbox 1067 539 1264 605; x_wconf 77' lang='lat' dir='ltr'>calamitatis</span> <span class='ocrx_word' id='word_1_10' title='bbox 1291 553 1323 605; x_wconf 88' lang='lat' dir='ltr'><strong>et</strong></span> 
     </span>
     <span class='ocr_line' id='line_1_3' title="bbox 186 639 1321 706; baseline 0.003 -4"><span class='ocrx_word' id='word_1_11' title='bbox 186 640 327 703; x_wconf 78' lang='lat' dir='ltr'><strong>fortunae</strong></span> <span class='ocrx_word' id='word_1_12' title='bbox 354 639 493 703; x_wconf 83' lang='lat' dir='ltr'><strong>alterius</strong></span> <span class='ocrx_word' id='word_1_13' title='bbox 517 664 549 701; x_wconf 66' lang='lat' dir='ltr'><strong>a*</strong></span> <span class='ocrx_word' id='word_1_14' title='bbox 570 647 605 701; x_wconf 88' lang='lat' dir='ltr'><strong>ut</strong></span> <span class='ocrx_word' id='word_1_15' title='bbox 633 643 706 701; x_wconf 78' lang='lat' dir='ltr'><strong>‘me</strong></span> <span class='ocrx_word' id='word_1_16' title='bbox 735 639 831 702; x_wconf 84' lang='lat' dir='ltr'><strong>liceat</strong></span> <span class='ocrx_word' id='word_1_17' title='bbox 864 660 976 700; x_wconf 82' lang='lat' dir='ltr'><strong>casum</strong></span> <span class='ocrx_word' id='word_1_18' title='bbox 1008 641 1155 704; x_wconf 82' lang='lat' dir='ltr'><strong>miserari</strong></span> <span class='ocrx_word' id='word_1_19' title='bbox 1184 643 1321 706; x_wconf 86' lang='lat' dir='ltr'><strong>insontis</strong></span> 
     </span>
     <span class='ocr_line' id='line_1_4' title="bbox 184 740 1320 823; baseline 0.002 -20"><span class='ocrx_word' id='word_1_20' title='bbox 184 741 291 804; x_wconf 85' lang='lat' dir='ltr'><strong>amioi&#39;</strong></span> <span class='ocrx_word' id='word_1_21' title='bbox 318 750 352 804; x_wconf 86' lang='lat' dir='ltr'><strong>et</strong></span> <span class='ocrx_word' id='word_1_22' title='bbox 372 740 538 821; x_wconf 71' lang='lat' dir='ltr'><strong>‘extincto</strong></span> <span class='ocrx_word' id='word_1_23' title='bbox 564 740 805 803; x_wconf 67' lang='lat' dir='ltr'><strong>miseraturus</strong></span> <span class='ocrx_word' id='word_1_24' title='bbox 833 742 1001 823; x_wconf 79' lang='lat' dir='ltr'><strong>agrestia’3</strong></span> <span class='ocrx_word' id='word_1_25' title='bbox 1035 742 1183 805; x_wconf 85' lang='lat' dir='ltr'><strong>misereri</strong></span> <span class='ocrx_word' id='word_1_26' title='bbox 1212 752 1320 806; x_wconf 83' lang='lat' dir='ltr'><strong>autom</strong></span> 
     </span>
     <span class='ocr_line' id='line_1_5' title="bbox 184 840 1321 929; baseline -0.001 -23"><span class='ocrx_word' id='word_1_27' title='bbox 184 842 294 928; x_wconf 84' lang='lat' dir='ltr'><strong>†opus</strong></span> <span class='ocrx_word' id='word_1_28' title='bbox 310 843 338 906; x_wconf 85' lang='lat' dir='ltr'><strong>ai</strong></span> <span class='ocrx_word' id='word_1_29' title='bbox 357 842 463 929; x_wconf 82' lang='lat' dir='ltr'><strong>ipsius</strong></span> <span class='ocrx_word' id='word_1_30' title='bbox 478 840 619 904; x_wconf 86' lang='lat' dir='ltr'><strong>hominis</strong></span> <span class='ocrx_word' id='word_1_31' title='bbox 634 849 700 913; x_wconf 84' lang='lat' dir='ltr'><strong>eat,</strong></span> <span class='ocrx_word' id='word_1_32' title='bbox 722 849 757 904; x_wconf 92' lang='lat' dir='ltr'><strong>ut</strong></span> <span class='ocrx_word' id='word_1_33' title='bbox 780 840 926 919; x_wconf 79' lang='lat' dir='ltr'><strong>‘Turne‚</strong></span> <span class='ocrx_word' id='word_1_34' title='bbox 950 841 983 904; x_wconf 92' lang='lat' dir='ltr'><strong>in</strong></span> <span class='ocrx_word' id='word_1_35' title='bbox 1002 850 1033 905; x_wconf 87' lang='lat' dir='ltr'><strong>te</strong></span> <span class='ocrx_word' id='word_1_36' title='bbox 1051 862 1202 927; x_wconf 81' lang='lat' dir='ltr'><strong>suprema</strong></span> <span class='ocrx_word' id='word_1_37' title='bbox 1223 841 1321 924; x_wconf 82' lang='lat' dir='ltr'><strong>salus,</strong></span> 
     </span>
     <span class='ocr_line' id='line_1_6' title="bbox 163 942 517 1008; baseline 0.008 -7"><span class='ocrx_word' id='word_1_38' title='bbox 163 944 329 1008; x_wconf 80' lang='lat' dir='ltr'><strong>smiaerere</strong></span> <span class='ocrx_word' id='word_1_39' title='bbox 351 942 517 1006; x_wconf 81' lang='lat' dir='ltr'><strong>tuorumt&#39;</strong></span> 
     </span>
    </p>

    <p class='ocr_par' dir='ltr' id='par_1_3' title="bbox 180 1043 1320 1334">
     <span class='ocr_line' id='line_1_7' title="bbox 261 1043 1319 1129; baseline -0.003 -20"><span class='ocrx_word' id='word_1_40' title='bbox 261 1059 385 1109; x_wconf 77' lang='lat' dir='ltr'><strong>nervia</strong></span> <span class='ocrx_word' id='word_1_41' title='bbox 409 1057 574 1106; x_wconf 74' lang='lat' dir='ltr'><strong>arnonas</strong></span> <span class='ocrx_word' id='word_1_42' title='bbox 601 1051 633 1104; x_wconf 89' lang='lat' dir='ltr'><strong>et</strong></span> <span class='ocrx_word' id='word_1_43' title='bbox 661 1047 840 1123; x_wconf 73' lang='lat' dir='ltr'><strong>nantinus]</strong></span> <span class='ocrx_word' id='word_1_44' title='bbox 869 1050 974 1106; x_wconf 85' lang='lat' dir='ltr'><strong>metas</strong></span> <span class='ocrx_word' id='word_1_45' title='bbox 1007 1043 1119 1106; x_wconf 85' lang='lat' dir='ltr'><strong>futura</strong></span> <span class='ocrx_word' id='word_1_46' title='bbox 1146 1045 1319 1129; x_wconf 86' lang='lat' dir='ltr'><strong>prospicit;</strong></span> 
     </span>
     <span class='ocr_line' id='line_1_8' title="bbox 181 1143 1320 1228; baseline -0.001 -20"><span class='ocrx_word' id='word_1_47' title='bbox 181 1146 273 1210; x_wconf 87' lang='lat' dir='ltr'><strong>timor</strong></span> <span class='ocrx_word' id='word_1_48' title='bbox 290 1143 401 1210; x_wconf 88' lang='lat' dir='ltr'><strong>subita</strong></span> <span class='ocrx_word' id='word_1_49' title='bbox 421 1145 542 1207; x_wconf 86' lang='lat' dir='ltr'><strong>mentis</strong></span> <span class='ocrx_word' id='word_1_50' title='bbox 566 1145 796 1227; x_wconf 78' lang='lat' dir='ltr'><strong>coaeternati03</strong></span> <span class='ocrx_word' id='word_1_51' title='bbox 832 1165 937 1228; x_wconf 85' lang='lat' dir='ltr'><strong>pauor</strong></span> <span class='ocrx_word' id='word_1_52' title='bbox 958 1144 1059 1207; x_wconf 86' lang='lat' dir='ltr'><strong>animi</strong></span> <span class='ocrx_word' id='word_1_53' title='bbox 1082 1153 1203 1226; x_wconf 85' lang='lat' dir='ltr'><strong>motus,</strong></span> <span class='ocrx_word' id='word_1_54' title='bbox 1232 1145 1320 1207; x_wconf 86' lang='lat' dir='ltr'><strong>unde</strong></span> 
     </span>
     <span class='ocr_line' id='line_1_9' title="bbox 180 1243 765 1334; baseline -0.009 -23"><span class='ocrx_word' id='word_1_55' title='bbox 180 1247 274 1311; x_wconf 80' lang='lat' dir='ltr'><strong>etiam</strong></span> <span class='ocrx_word' id='word_1_56' title='bbox 295 1246 417 1334; x_wconf 86' lang='lat' dir='ltr'><strong>pauida</strong></span> <span class='ocrx_word' id='word_1_57' title='bbox 434 1246 581 1309; x_wconf 84' lang='lat' dir='ltr'><strong>iumenta</strong></span> <span class='ocrx_word' id='word_1_58' title='bbox 602 1243 765 1308; x_wconf 83' lang='lat' dir='ltr'><strong>dicuntur.</strong></span> 
     </span>
    </p>
   </div>
   <div class='ocr_carea' id='block_1_3' title="bbox 136 1478 1386 3376">
    <p class='ocr_par' dir='ltr' id='par_1_4' title="bbox 179 1478 1319 1548">
     <span class='ocr_line' id='line_1_10' title="bbox 179 1478 1319 1548; baseline -0.003 -11"><span class='ocrx_word' id='word_1_59' title='bbox 179 1487 285 1537; x_wconf 75' lang='lat' dir='ltr'><strong>datiana</strong></span> <span class='ocrx_word' id='word_1_60' title='bbox 303 1500 385 1535; x_wconf 77' lang='lat' dir='ltr'><strong>essue</strong></span> <span class='ocrx_word' id='word_1_61' title='bbox 404 1488 459 1545; x_wconf 84' lang='lat' dir='ltr'><strong>est,</strong></span> <span class='ocrx_word' id='word_1_62' title='bbox 482 1486 527 1533; x_wconf 76' lang='lat' dir='ltr'><strong>uit</strong></span> <span class='ocrx_word' id='word_1_63' title='bbox 546 1483 598 1532; x_wconf 86' lang='lat' dir='ltr'><strong>Dic</strong></span> <span class='ocrx_word' id='word_1_64' title='bbox 617 1478 695 1540; x_wconf 78' lang='lat' dir='ltr'><strong>mini,</strong></span> <span class='ocrx_word' id='word_1_65' title='bbox 714 1483 859 1544; x_wconf 79' lang='lat' dir='ltr'><strong>Damoeta,</strong></span> <span class='ocrx_word' id='word_1_66' title='bbox 880 1483 970 1533; x_wconf 87' lang='lat' dir='ltr'><strong>cuium</strong></span> <span class='ocrx_word' id='word_1_67' title='bbox 988 1484 1090 1548; x_wconf 80' lang='lat' dir='ltr'><strong>pecus?</strong></span> <span class='ocrx_word' id='word_1_68' title='bbox 1109 1484 1144 1533; x_wconf 90' lang='lat' dir='ltr'><strong>mi</strong></span> <span class='ocrx_word' id='word_1_69' title='bbox 1163 1487 1319 1546; x_wconf 71' lang='lat' dir='ltr'><strong>surrentinus,</strong></span> 
     </span>
    </p>

    <p class='ocr_par' dir='ltr' id='par_1_5' title="bbox 179 1551 1336 1685">
     <span class='ocr_line' id='line_1_11' title="bbox 179 1551 1336 1621; baseline -0.001 -18"><span class='ocrx_word' id='word_1_70' title='bbox 179 1560 207 1605; x_wconf 89' lang='lat' dir='ltr'><strong>nt</strong></span> <span class='ocrx_word' id='word_1_71' title='bbox 222 1570 238 1603; x_wconf 92' lang='lat' dir='ltr'><strong>o</strong></span> <span class='ocrx_word' id='word_1_72' title='bbox 255 1555 293 1604; x_wconf 84' lang='lat' dir='ltr'><strong>sni</strong></span> <span class='ocrx_word' id='word_1_73' title='bbox 308 1568 379 1621; x_wconf 82' lang='lat' dir='ltr'><strong>puer</strong></span> <span class='ocrx_word' id='word_1_74' title='bbox 395 1551 443 1603; x_wconf 83' lang='lat' dir='ltr'><strong>uel</strong></span> <span class='ocrx_word' id='word_1_75' title='bbox 459 1567 476 1601; x_wconf 91' lang='grc' dir='ltr'>ο</span> <span class='ocrx_word' id='word_1_76' title='bbox 494 1552 531 1601; x_wconf 88' lang='lat' dir='ltr'><strong>mi</strong></span> <span class='ocrx_word' id='word_1_77' title='bbox 549 1566 646 1612; x_wconf 60' lang='lat' dir='ltr'><strong>senem</strong></span> <span class='ocrx_word' id='word_1_78' title='bbox 676 1566 741 1600; x_wconf 91' lang='lat' dir='ltr'><strong>nam</strong></span> <span class='ocrx_word' id='word_1_79' title='bbox 758 1553 835 1601; x_wconf 90' lang='lat' dir='ltr'><strong>nonit</strong></span> <span class='ocrx_word' id='word_1_80' title='bbox 854 1567 870 1600; x_wconf 89' lang='lat' dir='ltr'><strong>a</strong></span> <span class='ocrx_word' id='word_1_81' title='bbox 883 1552 1054 1602; x_wconf 86' lang='lat' dir='ltr'><strong>nominatiuo</strong></span> <span class='ocrx_word' id='word_1_82' title='bbox 1067 1568 1150 1613; x_wconf 85' lang='lat' dir='ltr'><strong>meus,</strong></span> <span class='ocrx_word' id='word_1_83' title='bbox 1171 1567 1223 1602; x_wconf 84' lang='lat' dir='ltr'><strong>nee</strong></span> <span class='ocrx_word' id='word_1_84' title='bbox 1243 1553 1336 1602; x_wconf 87' lang='lat' dir='ltr'><strong>aliud·</strong></span> 
     </span>
     <span class='ocr_line' id='line_1_12' title="bbox 179 1617 1316 1685; baseline -0.003 -13"><span class='ocrx_word' id='word_1_85' title='bbox 179 1622 200 1673; x_wconf 82' lang='lat' dir='ltr'><strong>si</strong></span> <span class='ocrx_word' id='word_1_86' title='bbox 237 1621 314 1672; x_wconf 82' lang='lat' dir='ltr'><strong>‘fleat</strong></span> <span class='ocrx_word' id='word_1_87' title='bbox 331 1621 360 1670; x_wconf 87' lang='lat' dir='ltr'><strong>in</strong></span> <span class='ocrx_word' id='word_1_88' title='bbox 382 1617 535 1669; x_wconf 82' lang='lat' dir='ltr'><strong>masculino</strong></span> <span class='ocrx_word' id='word_1_89' title='bbox 557 1634 572 1667; x_wconf 92' lang='lat' dir='ltr'><strong>o</strong></span> <span class='ocrx_word' id='word_1_90' title='bbox 591 1622 628 1668; x_wconf 90' lang='lat' dir='ltr'><strong>mi</strong></span> <span class='ocrx_word' id='word_1_91' title='bbox 646 1634 726 1683; x_wconf 85' lang='lat' dir='ltr'><strong>qnam</strong></span> <span class='ocrx_word' id='word_1_92' title='bbox 745 1619 772 1668; x_wconf 88' lang='lat' dir='ltr'><strong>in</strong></span> <span class='ocrx_word' id='word_1_93' title='bbox 792 1619 923 1668; x_wconf 78' lang='lat' dir='ltr'><strong>feminino</strong></span> <span class='ocrx_word' id='word_1_94' title='bbox 942 1635 957 1668; x_wconf 92' lang='lat' dir='ltr'><strong>o</strong></span> <span class='ocrx_word' id='word_1_95' title='bbox 977 1635 1046 1669; x_wconf 86' lang='lat' dir='ltr'><strong>mea.</strong></span> <span class='ocrx_word' id='word_1_96' title='bbox 1078 1620 1195 1685; x_wconf 87' lang='lat' dir='ltr'><strong>denique</strong></span> <span class='ocrx_word' id='word_1_97' title='bbox 1215 1621 1243 1669; x_wconf 91' lang='lat' dir='ltr'><strong>iu</strong></span> <span class='ocrx_word' id='word_1_98' title='bbox 1261 1637 1316 1670; x_wconf 89' lang='lat' dir='ltr'><strong>om·</strong></span> 
     </span>
    </p>

    <p class='ocr_par' dir='ltr' id='par_1_6' title="bbox 179 1638 1315 1752">
     <span class='ocr_line' id='line_1_13' title="bbox 179 1638 1315 1752; baseline -0.004 -12"><span class='ocrx_word' id='word_1_99' title='bbox 179 1638 246 1740; x_wconf 51' lang='lat' dir='ltr'><strong>uidm</strong></span> <span class='ocrx_word' id='word_1_100' title='bbox 271 1690 330 1739; x_wconf 82' lang='lat' dir='ltr'><strong>iere</strong></span> <span class='ocrx_word' id='word_1_101' title='bbox 348 1682 499 1738; x_wconf 82' lang='lat' dir='ltr'><strong>comoediis</strong></span> <span class='ocrx_word' id='word_1_102' title='bbox 518 1686 554 1736; x_wconf 91' lang='lat' dir='ltr'><strong>mi</strong></span> <span class='ocrx_word' id='word_1_103' title='bbox 568 1686 602 1736; x_wconf 85' lang='lat' dir='ltr'><strong>ad</strong></span> <span class='ocrx_word' id='word_1_104' title='bbox 614 1686 795 1736; x_wconf 84' lang='lat' dir='ltr'><strong>masculinum</strong></span> <span class='ocrx_word' id='word_1_105' title='bbox 809 1687 916 1748; x_wconf 84' lang='lat' dir='ltr'><strong>dieitur,</strong></span> <span class='ocrx_word' id='word_1_106' title='bbox 937 1687 972 1735; x_wconf 85' lang='lat' dir='ltr'><strong>ad</strong></span> <span class='ocrx_word' id='word_1_107' title='bbox 986 1688 1146 1736; x_wconf 73' lang='lat' dir='ltr'><strong>femininum</strong></span> <span class='ocrx_word' id='word_1_108' title='bbox 1159 1703 1315 1752; x_wconf 82' lang='lat' dir='ltr'><strong>numquam.</strong></span> 
     </span>
    </p>

    <p class='ocr_par' dir='ltr' id='par_1_7' title="bbox 179 1754 1317 1823">
     <span class='ocr_line' id='line_1_14' title="bbox 179 1754 1317 1823; baseline -0.003 -15"><span class='ocrx_word' id='word_1_109' title='bbox 179 1756 287 1823; x_wconf 79' lang='lat' dir='ltr'><strong>quodsi</strong></span> <span class='ocrx_word' id='word_1_110' title='bbox 304 1754 464 1806; x_wconf 85' lang='lat' dir='ltr'><strong>interiectio</strong></span> <span class='ocrx_word' id='word_1_111' title='bbox 480 1759 564 1819; x_wconf 77' lang='lat' dir='ltr'><strong>esset,</strong></span> <span class='ocrx_word' id='word_1_112' title='bbox 583 1755 668 1805; x_wconf 84' lang='lat' dir='ltr'><strong>etiam</strong></span> <span class='ocrx_word' id='word_1_113' title='bbox 686 1755 795 1804; x_wconf 87' lang='lat' dir='ltr'><strong>diuerso</strong></span> <span class='ocrx_word' id='word_1_114' title='bbox 814 1755 891 1804; x_wconf 71' lang='lat' dir='ltr'><strong>saxosi</strong></span> <span class='ocrx_word' id='word_1_115' title='bbox 909 1755 1061 1805; x_wconf 84' lang='lat' dir='ltr'><strong>eommunis</strong></span> <span class='ocrx_word' id='word_1_116' title='bbox 1074 1761 1156 1805; x_wconf 84' lang='lat' dir='ltr'><strong>esset.</strong></span> <span class='ocrx_word' id='word_1_117' title='bbox 1188 1756 1317 1805; x_wconf 83' lang='lat' dir='ltr'><strong>dixerunt</strong></span> 
     </span>
    </p>

    <p class='ocr_par' dir='ltr' id='par_1_8' title="bbox 180 1819 497 1889">
     <span class='ocr_line' id='line_1_15' title="bbox 180 1819 497 1889; baseline -0.016 -14"><span class='ocrx_word' id='word_1_118' title='bbox 180 1834 270 1875; x_wconf 80' lang='lat' dir='ltr'><strong>tanen</strong></span> <span class='ocrx_word' id='word_1_119' title='bbox 287 1824 325 1873; x_wconf 91' lang='lat' dir='ltr'><strong>mi</strong></span> <span class='ocrx_word' id='word_1_120' title='bbox 343 1838 392 1889; x_wconf 91' lang='lat' dir='ltr'><strong>pro</strong></span> <span class='ocrx_word' id='word_1_121' title='bbox 410 1819 497 1871; x_wconf 69' lang='lat' dir='ltr'><strong>mihi!</strong></span> 
     </span>
    </p>

    <p class='ocr_par' dir='ltr' id='par_1_9' title="bbox 136 1887 1386 3173">
     <span class='ocr_line' id='line_1_16' title="bbox 255 1887 1317 1955; baseline -0.001 -13"><span class='ocrx_word' id='word_1_122' title='bbox 255 1892 407 1942; x_wconf 72' lang='lat' dir='ltr'><strong>Miseratus</strong></span> <span class='ocrx_word' id='word_1_123' title='bbox 426 1894 455 1939; x_wconf 85' lang='lat' dir='ltr'><strong>et</strong></span> <span class='ocrx_word' id='word_1_124' title='bbox 471 1887 610 1954; x_wconf 84' lang='lat' dir='ltr'><strong>misertus]</strong></span> <span class='ocrx_word' id='word_1_125' title='bbox 626 1888 649 1938; x_wconf 84' lang='lat' dir='ltr'>G</span> <span class='ocrx_word' id='word_1_126' title='bbox 667 1906 693 1955; x_wconf 90' lang='lat' dir='ltr'><strong>p.</strong></span> <span class='ocrx_word' id='word_1_127' title='bbox 713 1888 785 1938; x_wconf 78' lang='lat'><strong>9211.</strong></span> <span class='ocrx_word' id='word_1_128' title='bbox 799 1889 846 1938; x_wconf 78' lang='lat'><strong>42:</strong></span> <span class='ocrx_word' id='word_1_129' title='bbox 867 1889 1038 1940; x_wconf 83' lang='lat' dir='ltr'><strong>‘Miseremur</strong></span> <span class='ocrx_word' id='word_1_130' title='bbox 1056 1907 1116 1941; x_wconf 85' lang='lat' dir='ltr'><strong>oum</strong></span> <span class='ocrx_word' id='word_1_131' title='bbox 1136 1891 1231 1941; x_wconf 88' lang='lat' dir='ltr'><strong>eodem</strong></span> <span class='ocrx_word' id='word_1_132' title='bbox 1250 1897 1317 1941; x_wconf 87' lang='lat' dir='ltr'><strong>tem-</strong></span> 
     </span>
     <span class='ocr_line' id='line_1_17' title="bbox 179 1956 1316 2026; baseline -0.001 -16"><span class='ocrx_word' id='word_1_133' title='bbox 179 1975 240 2026; x_wconf 85' lang='lat' dir='ltr'><strong>pore</strong></span> <span class='ocrx_word' id='word_1_134' title='bbox 266 1965 296 2009; x_wconf 86' lang='lat' dir='ltr'><strong>et</strong></span> <span class='ocrx_word' id='word_1_135' title='bbox 317 1959 353 2009; x_wconf 84' lang='lat' dir='ltr'><strong>de</strong></span> <span class='ocrx_word' id='word_1_136' title='bbox 377 1956 496 2008; x_wconf 76' lang='lat' dir='ltr'><strong>alicuius</strong></span> <span class='ocrx_word' id='word_1_137' title='bbox 518 1971 585 2006; x_wconf 85' lang='lat' dir='ltr'><strong>caan</strong></span> <span class='ocrx_word' id='word_1_138' title='bbox 608 1957 683 2006; x_wconf 85' lang='lat' dir='ltr'><strong>dolet</strong></span> <span class='ocrx_word' id='word_1_139' title='bbox 707 1958 787 2007; x_wconf 86' lang='lat' dir='ltr'><strong>nobis</strong></span> <span class='ocrx_word' id='word_1_140' title='bbox 811 1962 840 2006; x_wconf 87' lang='lat' dir='ltr'><strong>et</strong></span> <span class='ocrx_word' id='word_1_141' title='bbox 858 1957 1033 2007; x_wconf 88' lang='lat' dir='ltr'><strong>subuenimus</strong></span> <span class='ocrx_word' id='word_1_142' title='bbox 1056 1959 1208 2020; x_wconf 86' lang='lat' dir='ltr'><strong>laboranti;</strong></span> <span class='ocrx_word' id='word_1_143' title='bbox 1236 1961 1316 2010; x_wconf 88' lang='lat' dir='ltr'><strong>mise-</strong></span> 
     </span>
     <span class='ocr_line' id='line_1_18' title="bbox 179 2024 1316 2092; baseline 0 -15"><span class='ocrx_word' id='word_1_144' title='bbox 179 2029 231 2077; x_wconf 79' lang='lat' dir='ltr'><strong>reri</strong></span> <span class='ocrx_word' id='word_1_145' title='bbox 253 2032 298 2077; x_wconf 85' lang='lat' dir='ltr'><strong>est</strong></span> <span class='ocrx_word' id='word_1_146' title='bbox 320 2024 460 2077; x_wconf 83' lang='lat' dir='ltr'><strong>consolari</strong></span> <span class='ocrx_word' id='word_1_147' title='bbox 484 2028 590 2073; x_wconf 80' lang='lat' dir='ltr'><strong>tantum</strong></span> <span class='ocrx_word' id='word_1_148' title='bbox 613 2030 641 2072; x_wconf 84' lang='lat' dir='ltr'><strong>et</strong></span> <span class='ocrx_word' id='word_1_149' title='bbox 664 2025 739 2074; x_wconf 87' lang='lat' dir='ltr'><strong>intra</strong></span> <span class='ocrx_word' id='word_1_150' title='bbox 768 2025 897 2073; x_wconf 76' lang='lat' dir='ltr'><strong>effoetum</strong></span> <span class='ocrx_word' id='word_1_151' title='bbox 921 2024 1022 2076; x_wconf 83' lang='lat' dir='ltr'><strong>doloris</strong></span> <span class='ocrx_word' id='word_1_152' title='bbox 1046 2025 1128 2077; x_wconf 63' lang='lat' dir='ltr'><strong>esse!</strong></span> <span class='ocrx_word' id='word_1_153' title='bbox 1170 2027 1196 2076; x_wconf 90' lang='lat' dir='ltr'><em>H</em></span> <span class='ocrx_word' id='word_1_154' title='bbox 1219 2043 1245 2092; x_wconf 90' lang='lat' dir='ltr'><strong>p.</strong></span> <span class='ocrx_word' id='word_1_155' title='bbox 1272 2026 1316 2078; x_wconf 84' lang='lat'><strong>13:</strong></span> 
     </span>
     <span class='ocr_line' id='line_1_19' title="bbox 179 2092 1317 2156; baseline -0.001 -10"><span class='ocrx_word' id='word_1_156' title='bbox 179 2096 345 2146; x_wconf 65' lang='lat' dir='ltr'><strong>‘sacramur</strong></span> <span class='ocrx_word' id='word_1_157' title='bbox 358 2107 420 2143; x_wconf 87' lang='lat' dir='ltr'><strong>enm</strong></span> <span class='ocrx_word' id='word_1_158' title='bbox 433 2092 528 2142; x_wconf 87' lang='lat' dir='ltr'><strong>eodem</strong></span> <span class='ocrx_word' id='word_1_159' title='bbox 541 2098 663 2156; x_wconf 83' lang='lat' dir='ltr'><strong>temporo</strong></span> <span class='ocrx_word' id='word_1_160' title='bbox 683 2099 711 2142; x_wconf 91' lang='lat' dir='ltr'><strong>et</strong></span> <span class='ocrx_word' id='word_1_161' title='bbox 730 2092 805 2141; x_wconf 87' lang='lat' dir='ltr'><strong>dolet</strong></span> <span class='ocrx_word' id='word_1_162' title='bbox 823 2092 902 2141; x_wconf 89' lang='lat' dir='ltr'><strong>nobis</strong></span> <span class='ocrx_word' id='word_1_163' title='bbox 915 2092 948 2141; x_wconf 88' lang='lat' dir='ltr'><strong>do</strong></span> <span class='ocrx_word' id='word_1_164' title='bbox 968 2094 1086 2144; x_wconf 84' lang='lat' dir='ltr'><strong>alienius</strong></span> <span class='ocrx_word' id='word_1_165' title='bbox 1105 2110 1190 2144; x_wconf 80' lang='lat' dir='ltr'><strong>carran</strong></span> <span class='ocrx_word' id='word_1_166' title='bbox 1209 2102 1237 2143; x_wconf 85' lang='lat' dir='ltr'><strong>at</strong></span> <span class='ocrx_word' id='word_1_167' title='bbox 1255 2096 1317 2145; x_wconf 86' lang='lat' dir='ltr'><strong>aab·</strong></span> 
     </span>
     <span class='ocr_line' id='line_1_20' title="bbox 177 2159 1316 2213; baseline 0 -1"><span class='ocrx_word' id='word_1_168' title='bbox 177 2163 295 2213; x_wconf 83' lang='lat' dir='ltr'><strong>aenimns</strong></span> <span class='ocrx_word' id='word_1_169' title='bbox 312 2159 462 2212; x_wconf 77' lang='lat' dir='ltr'><strong>laboranti.</strong></span> <span class='ocrx_word' id='word_1_170' title='bbox 497 2161 623 2209; x_wconf 84' lang='lat' dir='ltr'><strong>miserari</strong></span> <span class='ocrx_word' id='word_1_171' title='bbox 646 2159 784 2209; x_wconf 82' lang='lat' dir='ltr'><strong>consolari</strong></span> <span class='ocrx_word' id='word_1_172' title='bbox 808 2166 914 2209; x_wconf 85' lang='lat' dir='ltr'><strong>tantum</strong></span> <span class='ocrx_word' id='word_1_173' title='bbox 934 2166 977 2210; x_wconf 86' lang='lat' dir='ltr'><strong>est</strong></span> <span class='ocrx_word' id='word_1_174' title='bbox 1000 2162 1074 2211; x_wconf 87' lang='lat' dir='ltr'><strong>intra</strong></span> <span class='ocrx_word' id='word_1_175' title='bbox 1093 2162 1222 2211; x_wconf 76' lang='lat' dir='ltr'><strong>affectam</strong></span> <span class='ocrx_word' id='word_1_176' title='bbox 1241 2162 1316 2213; x_wconf 88' lang='lat' dir='ltr'><strong>dolo·</strong></span> 
     </span>
     <span class='ocr_line' id='line_1_21' title="bbox 176 2227 1316 2281; baseline -0.001 0"><span class='ocrx_word' id='word_1_177' title='bbox 176 2227 229 2281; x_wconf 72' lang='lat' dir='ltr'><strong>ria’</strong></span> <span class='ocrx_word' id='word_1_178' title='bbox 263 2227 360 2281; x_wconf 77' lang='lat'>1350:</span> <span class='ocrx_word' id='word_1_179' title='bbox 386 2227 477 2277; x_wconf 78' lang='lat' dir='ltr'><strong>‘Inter</strong></span> <span class='ocrx_word' id='word_1_180' title='bbox 498 2227 712 2277; x_wconf 79' lang='lat' dir='ltr'><strong>misericordiam</strong></span> <span class='ocrx_word' id='word_1_181' title='bbox 739 2232 766 2276; x_wconf 83' lang='lat' dir='ltr'><strong>et</strong></span> <span class='ocrx_word' id='word_1_182' title='bbox 788 2228 1003 2278; x_wconf 84' lang='lat' dir='ltr'><strong>miserationum.</strong></span> <span class='ocrx_word' id='word_1_183' title='bbox 1044 2230 1115 2278; x_wconf 75' lang='lat' dir='ltr'><strong>bene</strong></span> <span class='ocrx_word' id='word_1_184' title='bbox 1139 2229 1210 2278; x_wconf 86' lang='lat' dir='ltr'><strong>uelle</strong></span> <span class='ocrx_word' id='word_1_185' title='bbox 1235 2232 1316 2280; x_wconf 85' lang='lat' dir='ltr'><strong>mise-</strong></span> 
     </span>
     <span class='ocr_line' id='line_1_22' title="bbox 176 2294 1316 2362; baseline -0.002 -13"><span class='ocrx_word' id='word_1_186' title='bbox 176 2297 386 2358; x_wconf 62' lang='lat' dir='ltr'><strong>innotuissent,</strong></span> <span class='ocrx_word' id='word_1_187' title='bbox 412 2294 483 2345; x_wconf 87' lang='lat' dir='ltr'><strong>bene</strong></span> <span class='ocrx_word' id='word_1_188' title='bbox 506 2295 600 2344; x_wconf 80' lang='lat' dir='ltr'><strong>iacere</strong></span> <span class='ocrx_word' id='word_1_189' title='bbox 620 2296 820 2345; x_wconf 78' lang='lat' dir='ltr'><strong>miserationis.</strong></span> <span class='ocrx_word' id='word_1_190' title='bbox 863 2295 966 2344; x_wconf 84' lang='lat' dir='ltr'><strong>dicitur</strong></span> <span class='ocrx_word' id='word_1_191' title='bbox 989 2297 1060 2344; x_wconf 88' lang='lat' dir='ltr'><strong>enim</strong></span> <span class='ocrx_word' id='word_1_192' title='bbox 1079 2297 1219 2347; x_wconf 85' lang='lat' dir='ltr'><strong>miseratio</strong></span> <span class='ocrx_word' id='word_1_193' title='bbox 1238 2299 1316 2362; x_wconf 87' lang='lat' dir='ltr'><strong>quasi</strong></span> 
     </span>
     <span class='ocr_line' id='line_1_23' title="bbox 176 2363 1315 2430; baseline -0.002 -14"><span class='ocrx_word' id='word_1_194' title='bbox 176 2363 379 2415; x_wconf 76' lang='lat' dir='ltr'><strong>misericordiae</strong></span> <span class='ocrx_word' id='word_1_195' title='bbox 404 2363 489 2412; x_wconf 80' lang='lat' dir='ltr'><strong>aetio.</strong></span> <span class='ocrx_word' id='word_1_196' title='bbox 528 2378 592 2411; x_wconf 89' lang='lat' dir='ltr'><strong>nam</strong></span> <span class='ocrx_word' id='word_1_197' title='bbox 615 2363 804 2412; x_wconf 83' lang='lat' dir='ltr'><strong>misericordia</strong></span> <span class='ocrx_word' id='word_1_198' title='bbox 827 2363 943 2413; x_wconf 82' lang='lat' dir='ltr'><strong>affectus</strong></span> <span class='ocrx_word' id='word_1_199' title='bbox 968 2368 1073 2411; x_wconf 82' lang='lat' dir='ltr'><strong>tantum</strong></span> <span class='ocrx_word' id='word_1_200' title='bbox 1093 2363 1182 2411; x_wconf 78' lang='lat' dir='ltr'><strong>cordis</strong></span> <span class='ocrx_word' id='word_1_201' title='bbox 1202 2369 1245 2412; x_wconf 82' lang='lat' dir='ltr'><strong>eet</strong></span> <span class='ocrx_word' id='word_1_202' title='bbox 1264 2380 1315 2430; x_wconf 88' lang='lat' dir='ltr'><strong>qno</strong></span> 
     </span>
     <span class='ocr_line' id='line_1_24' title="bbox 176 2429 1314 2499; baseline -0.002 -16"><span class='ocrx_word' id='word_1_203' title='bbox 176 2430 362 2499; x_wconf 75' lang='lat' dir='ltr'><strong>compeliimur</strong></span> <span class='ocrx_word' id='word_1_204' title='bbox 388 2436 419 2481; x_wconf 90' lang='lat' dir='ltr'><strong>ut</strong></span> <span class='ocrx_word' id='word_1_205' title='bbox 442 2430 548 2480; x_wconf 80' lang='lat' dir='ltr'><strong>uriaoris</strong></span> <span class='ocrx_word' id='word_1_206' title='bbox 570 2431 775 2480; x_wconf 83' lang='lat' dir='ltr'><strong>subueniamus.</strong></span> <span class='ocrx_word' id='word_1_207' title='bbox 812 2435 977 2495; x_wconf 85' lang='lat' dir='ltr'><strong>quapropter</strong></span> <span class='ocrx_word' id='word_1_208' title='bbox 1000 2429 1192 2478; x_wconf 83' lang='lat' dir='ltr'><strong>misericordia</strong></span> <span class='ocrx_word' id='word_1_209' title='bbox 1216 2433 1314 2481; x_wconf 86' lang='lat' dir='ltr'><strong>condo-</strong></span> 
     </span>
     <span class='ocr_line' id='line_1_25' title="bbox 175 2495 1314 2561; baseline -0.003 -11"><span class='ocrx_word' id='word_1_210' title='bbox 175 2500 229 2551; x_wconf 86' lang='lat' dir='ltr'><strong>lere</strong></span> <span class='ocrx_word' id='word_1_211' title='bbox 247 2500 349 2549; x_wconf 78' lang='lat' dir='ltr'><strong>misero</strong></span> <span class='ocrx_word' id='word_1_212' title='bbox 368 2497 448 2547; x_wconf 91' lang='lat' dir='ltr'><strong>nouit</strong></span> <span class='ocrx_word' id='word_1_213' title='bbox 466 2497 517 2546; x_wconf 86' lang='lat' dir='ltr'><strong>etsi</strong></span> <span class='ocrx_word' id='word_1_214' title='bbox 536 2512 590 2547; x_wconf 90' lang='lat' dir='ltr'><strong>non</strong></span> <span class='ocrx_word' id='word_1_215' title='bbox 608 2499 645 2547; x_wconf 90' lang='lat' dir='ltr'><strong>sit</strong></span> <span class='ocrx_word' id='word_1_216' title='bbox 663 2499 732 2548; x_wconf 81' lang='lat' dir='ltr'><strong>nudo</strong></span> <span class='ocrx_word' id='word_1_217' title='bbox 751 2498 901 2556; x_wconf 63' lang='lat' dir='ltr'><strong>trilunatum</strong></span> <span class='ocrx_word' id='word_1_218' title='bbox 921 2495 1060 2545; x_wconf 86' lang='lat' dir='ltr'><strong>miseratio</strong></span> <span class='ocrx_word' id='word_1_219' title='bbox 1073 2503 1164 2544; x_wconf 83' lang='lat' dir='ltr'><strong>autem</strong></span> <span class='ocrx_word' id='word_1_220' title='bbox 1179 2512 1212 2544; x_wconf 86' lang='lat' dir='ltr'><strong>ex</strong></span> <span class='ocrx_word' id='word_1_221' title='bbox 1232 2514 1314 2561; x_wconf 78' lang='lat' dir='ltr'><strong>opere</strong></span> 
     </span>
     <span class='ocr_line' id='line_1_26' title="bbox 136 2563 1386 2634; baseline -0.004 -16"><span class='ocrx_word' id='word_1_222' title='bbox 136 2574 139 2584; x_wconf 92' lang='grc'><strong>“</strong></span> <span class='ocrx_word' id='word_1_223' title='bbox 176 2564 385 2634; x_wconf 61' lang='lat' dir='ltr'><strong>comprobatur)</strong></span> <span class='ocrx_word' id='word_1_224' title='bbox 408 2590 443 2601; x_wconf 93' lang='lat'><em>-</em></span> <span class='ocrx_word' id='word_1_225' title='bbox 476 2563 579 2614; x_wconf 81' lang='lat' dir='ltr'><strong>Paulus</strong></span> <span class='ocrx_word' id='word_1_226' title='bbox 601 2566 679 2615; x_wconf 80' lang='lat' dir='ltr'><strong>Festi</strong></span> <span class='ocrx_word' id='word_1_227' title='bbox 702 2582 728 2630; x_wconf 85' lang='lat' dir='ltr'><strong>p.</strong></span> <span class='ocrx_word' id='word_1_228' title='bbox 755 2565 815 2615; x_wconf 73' lang='lat'><strong>123:</strong></span> <span class='ocrx_word' id='word_1_229' title='bbox 840 2565 1002 2613; x_wconf 84' lang='lat' dir='ltr'><strong>‘Miseratnr</strong></span> <span class='ocrx_word' id='word_1_230' title='bbox 1026 2565 1049 2611; x_wconf 82' lang='lat' dir='ltr'><strong>ia</strong></span> <span class='ocrx_word' id='word_1_231' title='bbox 1072 2564 1117 2628; x_wconf 91' lang='lat' dir='ltr'><strong>qui</strong></span> <span class='ocrx_word' id='word_1_232' title='bbox 1142 2565 1317 2626; x_wconf 72' lang='lat' dir='ltr'><strong>commoritur</strong></span> <span class='ocrx_word' id='word_1_233' title='bbox 1381 2589 1386 2596; x_wconf 96' lang='lat'><em>·</em></span> 
     </span>
     <span class='ocr_line' id='line_1_27' title="bbox 176 2629 1316 2698; baseline -0.004 -14"><span class='ocrx_word' id='word_1_234' title='bbox 176 2635 267 2686; x_wconf 81' lang='lat' dir='ltr'><strong>aliena</strong></span> <span class='ocrx_word' id='word_1_235' title='bbox 284 2630 466 2689; x_wconf 84' lang='lat' dir='ltr'><strong>incommoda,</strong></span> <span class='ocrx_word' id='word_1_236' title='bbox 484 2632 630 2682; x_wconf 83' lang='lat' dir='ltr'><strong>miseretur</strong></span> <span class='ocrx_word' id='word_1_237' title='bbox 648 2634 671 2682; x_wconf 86' lang='lat' dir='ltr'><strong>is</strong></span> <span class='ocrx_word' id='word_1_238' title='bbox 690 2635 735 2698; x_wconf 87' lang='lat' dir='ltr'><strong>qni</strong></span> <span class='ocrx_word' id='word_1_239' title='bbox 754 2633 880 2681; x_wconf 79' lang='lat' dir='ltr'><strong>miserum</strong></span> <span class='ocrx_word' id='word_1_240' title='bbox 899 2629 1045 2681; x_wconf 86' lang='lat' dir='ltr'><strong>subleuat.&#39;</strong></span> <span class='ocrx_word' id='word_1_241' title='bbox 1081 2630 1183 2680; x_wconf 89' lang='lat' dir='ltr'><strong>Nonius</strong></span> <span class='ocrx_word' id='word_1_242' title='bbox 1207 2647 1232 2694; x_wconf 92' lang='lat' dir='ltr'><strong>p.</strong></span> <span class='ocrx_word' id='word_1_243' title='bbox 1251 2632 1316 2679; x_wconf 75' lang='lat'><strong>445:</strong></span> 
     </span>
     <span class='ocr_line' id='line_1_28' title="bbox 177 2698 1315 2759; baseline -0.005 -6"><span class='ocrx_word' id='word_1_244' title='bbox 177 2702 311 2753; x_wconf 71' lang='lat' dir='ltr'><strong>‘Misereri</strong></span> <span class='ocrx_word' id='word_1_245' title='bbox 330 2706 359 2751; x_wconf 88' lang='lat' dir='ltr'><strong>et</strong></span> <span class='ocrx_word' id='word_1_246' title='bbox 377 2700 501 2750; x_wconf 84' lang='lat' dir='ltr'><strong>misereri</strong></span> <span class='ocrx_word' id='word_1_247' title='bbox 525 2701 612 2749; x_wconf 83' lang='lat' dir='ltr'><strong>ueteri</strong></span> <span class='ocrx_word' id='word_1_248' title='bbox 629 2700 673 2749; x_wconf 85' lang='lat' dir='ltr'><strong>hia</strong></span> <span class='ocrx_word' id='word_1_249' title='bbox 691 2702 817 2749; x_wconf 77' lang='lat' dir='ltr'><strong>sensibus</strong></span> <span class='ocrx_word' id='word_1_250' title='bbox 836 2716 896 2749; x_wconf 89' lang='lat' dir='ltr'><strong>esso</strong></span> <span class='ocrx_word' id='word_1_251' title='bbox 915 2699 1070 2759; x_wconf 81' lang='lat' dir='ltr'><strong>uoluerunt,</strong></span> <span class='ocrx_word' id='word_1_252' title='bbox 1089 2704 1118 2747; x_wconf 87' lang='lat' dir='ltr'><strong>ut</strong></span> <span class='ocrx_word' id='word_1_253' title='bbox 1136 2698 1171 2747; x_wconf 82' lang='lat' dir='ltr'><strong>sit</strong></span> <span class='ocrx_word' id='word_1_254' title='bbox 1189 2699 1315 2747; x_wconf 86' lang='lat' dir='ltr'><strong>miserari</strong></span> 
     </span>
     <span class='ocr_line' id='line_1_29' title="bbox 176 2766 1316 2829; baseline -0.005 -8"><span class='ocrx_word' id='word_1_255' title='bbox 176 2772 236 2821; x_wconf 79' lang='lat' dir='ltr'><strong>flere</strong></span> <span class='ocrx_word' id='word_1_256' title='bbox 255 2776 285 2820; x_wconf 84' lang='lat' dir='ltr'><strong>et</strong></span> <span class='ocrx_word' id='word_1_257' title='bbox 301 2768 467 2829; x_wconf 86' lang='lat' dir='ltr'><strong>lamentari,</strong></span> <span class='ocrx_word' id='word_1_258' title='bbox 490 2768 616 2817; x_wconf 84' lang='lat' dir='ltr'><strong>misereri</strong></span> <span class='ocrx_word' id='word_1_259' title='bbox 640 2769 844 2818; x_wconf 79' lang='lat' dir='ltr'><strong>miserationem</strong></span> <span class='ocrx_word' id='word_1_260' title='bbox 869 2767 969 2816; x_wconf 83' lang='lat' dir='ltr'><strong>alianis</strong></span> <span class='ocrx_word' id='word_1_261' title='bbox 989 2767 1099 2815; x_wconf 84' lang='lat' dir='ltr'><strong>casibus</strong></span> <span class='ocrx_word' id='word_1_262' title='bbox 1119 2766 1263 2827; x_wconf 76' lang='lat' dir='ltr'><strong>oxiribore3</strong></span> <span class='ocrx_word' id='word_1_263' title='bbox 1288 2772 1316 2815; x_wconf 82' lang='lat' dir='ltr'><strong>ot</strong></span> 
     </span>
     <span class='ocr_line' id='line_1_30' title="bbox 176 2834 1314 2902; baseline -0.005 -14"><span class='ocrx_word' id='word_1_264' title='bbox 176 2840 265 2888; x_wconf 77' lang='lat' dir='ltr'><strong>antino</strong></span> <span class='ocrx_word' id='word_1_265' title='bbox 289 2836 325 2887; x_wconf 81' lang='lat' dir='ltr'><strong>ad</strong></span> <span class='ocrx_word' id='word_1_266' title='bbox 347 2837 462 2902; x_wconf 88' lang='lat' dir='ltr'><strong>primum</strong></span> <span class='ocrx_word' id='word_1_267' title='bbox 482 2834 624 2895; x_wconf 80' lang='lat' dir='ltr'><strong>affectam,</strong></span> <span class='ocrx_word' id='word_1_268' title='bbox 653 2837 765 2900; x_wconf 75' lang='lat' dir='ltr'><strong>pessino</strong></span> <span class='ocrx_word' id='word_1_269' title='bbox 789 2836 823 2884; x_wconf 89' lang='lat' dir='ltr'><strong>ad</strong></span> <span class='ocrx_word' id='word_1_270' title='bbox 848 2835 1004 2884; x_wconf 80' lang='lat' dir='ltr'><strong>sanandum.</strong></span> <span class='ocrx_word' id='word_1_271' title='bbox 1040 2836 1141 2884; x_wconf 82' lang='lat' dir='ltr'><strong>Accius</strong></span> <span class='ocrx_word' id='word_1_272' title='bbox 1161 2835 1314 2897; x_wconf 81' lang='lat' dir='ltr'><strong>Eurysace:</strong></span> 
     </span>
     <span class='ocr_line' id='line_1_31' title="bbox 175 2902 1314 2967; baseline -0.004 -11"><span class='ocrx_word' id='word_1_273' title='bbox 175 2906 206 2955; x_wconf 81' lang='lat' dir='ltr'><strong>Ei</strong></span> <span class='ocrx_word' id='word_1_274' title='bbox 223 2905 307 2967; x_wconf 86' lang='lat' dir='ltr'><strong>mihi,</strong></span> <span class='ocrx_word' id='word_1_275' title='bbox 330 2911 361 2953; x_wconf 87' lang='lat' dir='ltr'><strong>ut</strong></span> <span class='ocrx_word' id='word_1_276' title='bbox 384 2903 467 2952; x_wconf 83' lang='lat' dir='ltr'><strong>etiam</strong></span> <span class='ocrx_word' id='word_1_277' title='bbox 491 2902 561 2952; x_wconf 84' lang='lat' dir='ltr'><strong>haee</strong></span> <span class='ocrx_word' id='word_1_278' title='bbox 580 2918 692 2952; x_wconf 83' lang='lat' dir='ltr'><strong>erumna</strong></span> <span class='ocrx_word' id='word_1_279' title='bbox 711 2904 780 2952; x_wconf 73' lang='lat' dir='ltr'><strong>lineo</strong></span> <span class='ocrx_word' id='word_1_280' title='bbox 799 2903 866 2952; x_wconf 86' lang='lat' dir='ltr'><strong>mihi</strong></span> <span class='ocrx_word' id='word_1_281' title='bbox 885 2902 986 2951; x_wconf 84' lang='lat' dir='ltr'><strong>luctum</strong></span> <span class='ocrx_word' id='word_1_282' title='bbox 1006 2903 1082 2951; x_wconf 88' lang='lat' dir='ltr'><strong>addit</strong></span> <span class='ocrx_word' id='word_1_283' title='bbox 1101 2903 1233 2953; x_wconf 85' lang='lat' dir='ltr'><strong>luctibus!</strong></span> <span class='ocrx_word' id='word_1_284' title='bbox 1258 2902 1314 2951; x_wconf 88' lang='lat' dir='ltr'><strong>alia</strong></span> 
     </span>
     <span class='ocr_line' id='line_1_32' title="bbox 175 2969 1314 3038; baseline -0.007 -12"><span class='ocrx_word' id='word_1_285' title='bbox 175 2988 303 3038; x_wconf 82' lang='lat' dir='ltr'><strong>persana:</strong></span> <span class='ocrx_word' id='word_1_286' title='bbox 324 2971 397 3035; x_wconf 80' lang='lat' dir='ltr'><strong>Quid</strong></span> <span class='ocrx_word' id='word_1_287' title='bbox 415 2971 539 3020; x_wconf 81' lang='lat' dir='ltr'><strong>miserari</strong></span> <span class='ocrx_word' id='word_1_288' title='bbox 558 2970 586 3018; x_wconf 87' lang='lat' dir='ltr'><strong>id</strong></span> <span class='ocrx_word' id='word_1_289' title='bbox 604 2987 645 3020; x_wconf 79' lang='lat' dir='ltr'><strong>ma.</strong></span> <span class='ocrx_word' id='word_1_290' title='bbox 665 2973 831 3035; x_wconf 64' lang='lat' dir='ltr'><strong>Eurysaoom</strong></span> <span class='ocrx_word' id='word_1_291' title='bbox 851 2978 926 3019; x_wconf 85' lang='lat' dir='ltr'><strong>tuam</strong></span> <span class='ocrx_word' id='word_1_292' title='bbox 939 2969 1079 3019; x_wconf 73' lang='lat' dir='ltr'><strong>solitatem</strong></span> <span class='ocrx_word' id='word_1_293' title='bbox 1098 2985 1240 3027; x_wconf 78' lang='lat' dir='ltr'><strong>memoras,</strong></span> <span class='ocrx_word' id='word_1_294' title='bbox 1261 2971 1314 3020; x_wconf 84' lang='lat' dir='ltr'><strong>for·</strong></span> 
     </span>
     <span class='ocr_line' id='line_1_33' title="bbox 176 3037 1314 3102; baseline -0.004 -11"><span class='ocrx_word' id='word_1_295' title='bbox 176 3042 261 3091; x_wconf 82' lang='lat' dir='ltr'><strong>midas</strong></span> <span class='ocrx_word' id='word_1_296' title='bbox 277 3040 348 3090; x_wconf 77' lang='lat' dir='ltr'><strong>tibi?</strong></span> <span class='ocrx_word' id='word_1_297' title='bbox 367 3044 394 3087; x_wconf 84' lang='lat' dir='ltr'><strong>te</strong></span> <span class='ocrx_word' id='word_1_298' title='bbox 414 3038 632 3087; x_wconf 84' lang='lat' dir='ltr'><strong>conmisernbam</strong></span> <span class='ocrx_word' id='word_1_299' title='bbox 650 3040 739 3102; x_wconf 80' lang='lat' dir='ltr'><strong>magis</strong></span> <span class='ocrx_word' id='word_1_300' title='bbox 758 3055 839 3102; x_wconf 89' lang='lat' dir='ltr'><strong>quam</strong></span> <span class='ocrx_word' id='word_1_301' title='bbox 857 3037 1010 3088; x_wconf 81' lang='lat' dir='ltr'><strong>miserabar</strong></span> <span class='ocrx_word' id='word_1_302' title='bbox 1022 3039 1085 3087; x_wconf 89' lang='lat' dir='ltr'><strong>mei.</strong></span> <span class='ocrx_word' id='word_1_303' title='bbox 1117 3045 1144 3087; x_wconf 82' lang='lat' dir='ltr'><strong>ot</strong></span> <span class='ocrx_word' id='word_1_304' title='bbox 1163 3039 1254 3088; x_wconf 79' lang='lat' dir='ltr'><strong>multis</strong></span> <span class='ocrx_word' id='word_1_305' title='bbox 1273 3044 1314 3087; x_wconf 86' lang='lat' dir='ltr'><strong>ta-</strong></span> 
     </span>
     <span class='ocr_line' id='line_1_34' title="bbox 176 3105 736 3173; baseline -0.007 -14"><span class='ocrx_word' id='word_1_306' title='bbox 176 3109 212 3159; x_wconf 76' lang='lat' dir='ltr'><strong>lia</strong></span> <span class='ocrx_word' id='word_1_307' title='bbox 230 3114 259 3159; x_wconf 83' lang='lat' dir='ltr'><strong>et</strong></span> <span class='ocrx_word' id='word_1_308' title='bbox 278 3106 429 3173; x_wconf 83' lang='lat' dir='ltr'><strong>aliquando</strong></span> <span class='ocrx_word' id='word_1_309' title='bbox 446 3112 550 3155; x_wconf 86' lang='lat' dir='ltr'><strong>uexata</strong></span> <span class='ocrx_word' id='word_1_310' title='bbox 568 3105 736 3170; x_wconf 64' lang='lat' dir='ltr'><strong>generibus)</strong></span> 
     </span>
    </p>

    <p class='ocr_par' dir='ltr' id='par_1_10' title="bbox 175 3171 1313 3376">
     <span class='ocr_line' id='line_1_35' title="bbox 256 3171 1313 3239; baseline -0.004 -14"><span class='ocrx_word' id='word_1_311' title='bbox 256 3177 360 3225; x_wconf 82' lang='lat' dir='ltr'><strong>Motum</strong></span> <span class='ocrx_word' id='word_1_312' title='bbox 379 3173 503 3223; x_wconf 82' lang='lat' dir='ltr'><strong>timorem</strong></span> <span class='ocrx_word' id='word_1_313' title='bbox 522 3177 550 3223; x_wconf 84' lang='lat' dir='ltr'><strong>ot</strong></span> <span class='ocrx_word' id='word_1_314' title='bbox 568 3172 707 3239; x_wconf 88' lang='lat' dir='ltr'><strong>pauorem]</strong></span> <span class='ocrx_word' id='word_1_315' title='bbox 728 3175 751 3221; x_wconf 69' lang='lat' dir='ltr'><strong>(t</strong></span> <span class='ocrx_word' id='word_1_316' title='bbox 771 3191 797 3238; x_wconf 88' lang='lat' dir='ltr'><strong>p.</strong></span> <span class='ocrx_word' id='word_1_317' title='bbox 816 3171 850 3222; x_wconf 76' lang='grc'><strong>93</strong></span> <span class='ocrx_word' id='word_1_318' title='bbox 868 3190 893 3222; x_wconf 89' lang='lat' dir='ltr'><strong>n.</strong></span> <span class='ocrx_word' id='word_1_319' title='bbox 914 3173 959 3222; x_wconf 75' lang='lat'><strong>52:</strong></span> <span class='ocrx_word' id='word_1_320' title='bbox 980 3172 1080 3222; x_wconf 80' lang='lat' dir='ltr'><strong>‘Metus</strong></span> <span class='ocrx_word' id='word_1_321' title='bbox 1100 3174 1192 3223; x_wconf 89' lang='lat' dir='ltr'><strong>futura</strong></span> <span class='ocrx_word' id='word_1_322' title='bbox 1210 3174 1313 3238; x_wconf 83' lang='lat' dir='ltr'><strong>prospi-</strong></span> 
     </span>
     <span class='ocr_line' id='line_1_36' title="bbox 177 3241 1313 3308; baseline -0.004 -14"><span class='ocrx_word' id='word_1_323' title='bbox 177 3245 223 3308; x_wconf 83' lang='lat' dir='ltr'><strong>cit,</strong></span> <span class='ocrx_word' id='word_1_324' title='bbox 247 3244 332 3293; x_wconf 89' lang='lat' dir='ltr'><strong>timor</strong></span> <span class='ocrx_word' id='word_1_325' title='bbox 354 3241 446 3291; x_wconf 83' lang='lat' dir='ltr'><strong>subita</strong></span> <span class='ocrx_word' id='word_1_326' title='bbox 468 3242 567 3290; x_wconf 85' lang='lat' dir='ltr'><strong>mentis</strong></span> <span class='ocrx_word' id='word_1_327' title='bbox 592 3243 778 3290; x_wconf 84' lang='lat' dir='ltr'><strong>consternatio</strong></span> <span class='ocrx_word' id='word_1_328' title='bbox 804 3248 858 3295; x_wconf 77' lang='lat' dir='ltr'><strong>ast.</strong></span> <span class='ocrx_word' id='word_1_329' title='bbox 887 3257 974 3306; x_wconf 74' lang='lat' dir='ltr'><strong>partor</strong></span> <span class='ocrx_word' id='word_1_330' title='bbox 998 3245 1088 3289; x_wconf 83' lang='lat' dir='ltr'><strong>antem</strong></span> <span class='ocrx_word' id='word_1_331' title='bbox 1112 3247 1208 3290; x_wconf 82' lang='lat' dir='ltr'><strong>motus.</strong></span> <span class='ocrx_word' id='word_1_332' title='bbox 1252 3242 1313 3290; x_wconf 89' lang='lat' dir='ltr'><strong>inde</strong></span> 
     </span>
     <span class='ocr_line' id='line_1_37' title="bbox 175 3307 1313 3376; baseline -0.004 -15"><span class='ocrx_word' id='word_1_333' title='bbox 175 3313 256 3361; x_wconf 81' lang='lat' dir='ltr'><strong>etiam</strong></span> <span class='ocrx_word' id='word_1_334' title='bbox 274 3309 380 3376; x_wconf 79' lang='lat' dir='ltr'><strong>panida</strong></span> <span class='ocrx_word' id='word_1_335' title='bbox 399 3309 521 3357; x_wconf 83' lang='lat' dir='ltr'><strong>iumenta</strong></span> <span class='ocrx_word' id='word_1_336' title='bbox 539 3307 674 3358; x_wconf 58' lang='lat' dir='ltr'><strong>dicimus)</strong></span> <span class='ocrx_word' id='word_1_337' title='bbox 712 3310 734 3358; x_wconf 81' lang='lat' dir='ltr'><strong>u.</strong></span> <span class='ocrx_word' id='word_1_338' title='bbox 759 3327 784 3374; x_wconf 94' lang='lat' dir='ltr'><strong>p.</strong></span> <span class='ocrx_word' id='word_1_339' title='bbox 804 3308 866 3358; x_wconf 71' lang='lat'><strong>312:</strong></span> <span class='ocrx_word' id='word_1_340' title='bbox 894 3314 936 3352; x_wconf 73' lang='lat' dir='ltr'><strong>‘a</strong></span> <span class='ocrx_word' id='word_1_341' title='bbox 953 3307 978 3374; x_wconf 69' lang='lat' dir='ltr'><strong>a]</strong></span> <span class='ocrx_word' id='word_1_342' title='bbox 998 3322 1014 3350; x_wconf 69' lang='lat' dir='ltr'><strong>s</strong></span> <span class='ocrx_word' id='word_1_343' title='bbox 1032 3309 1139 3356; x_wconf 82' lang='lat' dir='ltr'><strong>instans</strong></span> <span class='ocrx_word' id='word_1_344' title='bbox 1162 3309 1313 3373; x_wconf 79' lang='lat' dir='ltr'><strong>pericnlum</strong></span> 
     </span>
    </p>
   </div>
   <div class='ocr_carea' id='block_1_4' title="bbox 176 3376 1396 3443">
    <p class='ocr_par' dir='ltr' id='par_1_11' title="bbox 176 3376 1396 3443">
     <span class='ocr_line' id='line_1_38' title="bbox 176 3376 1396 3443; baseline -0.001 -15"><span class='ocrx_word' id='word_1_345' title='bbox 176 3379 268 3439; x_wconf 76' lang='lat' dir='ltr'><strong>efficit,</strong></span> <span class='ocrx_word' id='word_1_346' title='bbox 289 3376 361 3443; x_wconf 89' lang='lat' dir='ltr'><strong>quod</strong></span> <span class='ocrx_word' id='word_1_347' title='bbox 380 3381 428 3425; x_wconf 75' lang='lat' dir='ltr'><strong>aaut</strong></span> <span class='ocrx_word' id='word_1_348' title='bbox 445 3376 521 3424; x_wconf 86' lang='lat' dir='ltr'><strong>uidet</strong></span> <span class='ocrx_word' id='word_1_349' title='bbox 539 3383 588 3425; x_wconf 89' lang='lat' dir='ltr'><strong>aut</strong></span> <span class='ocrx_word' id='word_1_350' title='bbox 606 3378 715 3437; x_wconf 79' lang='lat' dir='ltr'><strong>metuit3</strong></span> <span class='ocrx_word' id='word_1_351' title='bbox 736 3378 800 3425; x_wconf 80' lang='lat' dir='ltr'><strong>itam</strong></span> <span class='ocrx_word' id='word_1_352' title='bbox 819 3384 907 3425; x_wconf 82' lang='lat' dir='ltr'><strong>motus</strong></span> <span class='ocrx_word' id='word_1_353' title='bbox 922 3383 964 3425; x_wconf 81' lang='lat' dir='ltr'><strong>ast</strong></span> <span class='ocrx_word' id='word_1_354' title='bbox 982 3382 1070 3425; x_wconf 87' lang='lat' dir='ltr'><strong>motus</strong></span> <span class='ocrx_word' id='word_1_355' title='bbox 1090 3378 1173 3424; x_wconf 90' lang='lat' dir='ltr'><strong>animi</strong></span> <span class='ocrx_word' id='word_1_356' title='bbox 1191 3392 1224 3425; x_wconf 83' lang='lat' dir='ltr'><strong>ex</strong></span> <span class='ocrx_word' id='word_1_357' title='bbox 1242 3377 1314 3442; x_wconf 82' lang='lat' dir='ltr'><strong>pari·</strong></span> <span class='ocrx_word' id='word_1_358' title='bbox 1385 3406 1396 3427; x_wconf 76' lang='lat' dir='ltr'><em>t</em></span> 
     </span>
    </p>
   </div>
   <div class='ocr_carea' id='block_1_5' title="bbox 174 3444 1316 3914">
    <p class='ocr_par' dir='ltr' id='par_1_12' title="bbox 174 3444 1316 3914">
     <span class='ocr_line' id='line_1_39' title="bbox 174 3444 1314 3509; baseline -0.002 -13"><span class='ocrx_word' id='word_1_359' title='bbox 174 3446 232 3496; x_wconf 82' lang='lat' dir='ltr'><strong>onio</strong></span> <span class='ocrx_word' id='word_1_360' title='bbox 251 3452 342 3505; x_wconf 80' lang='lat' dir='ltr'><strong>oert03</strong></span> <span class='ocrx_word' id='word_1_361' title='bbox 370 3457 456 3509; x_wconf 76' lang='lat' dir='ltr'><strong>patior</strong></span> <span class='ocrx_word' id='word_1_362' title='bbox 483 3450 526 3493; x_wconf 83' lang='lat' dir='ltr'><strong>eat</strong></span> <span class='ocrx_word' id='word_1_363' title='bbox 549 3444 640 3492; x_wconf 89' lang='lat' dir='ltr'><strong>subita</strong></span> <span class='ocrx_word' id='word_1_364' title='bbox 667 3446 766 3493; x_wconf 77' lang='lat' dir='ltr'><strong>montis</strong></span> <span class='ocrx_word' id='word_1_365' title='bbox 790 3446 976 3493; x_wconf 83' lang='lat' dir='ltr'><strong>consternatio</strong></span> <span class='ocrx_word' id='word_1_366' title='bbox 1005 3459 1075 3507; x_wconf 81' lang='lat' dir='ltr'><strong>qnae</strong></span> <span class='ocrx_word' id='word_1_367' title='bbox 1101 3444 1170 3492; x_wconf 72' lang='lat' dir='ltr'><strong>facit</strong></span> <span class='ocrx_word' id='word_1_368' title='bbox 1192 3445 1314 3508; x_wconf 81' lang='lat' dir='ltr'><strong>trepidos</strong></span> 
     </span>
     <span class='ocr_line' id='line_1_40' title="bbox 174 3512 1311 3579; baseline -0.003 -15"><span class='ocrx_word' id='word_1_369' title='bbox 174 3530 255 3579; x_wconf 76' lang='lat' dir='ltr'><strong>nepe</strong></span> <span class='ocrx_word' id='word_1_370' title='bbox 273 3514 334 3563; x_wconf 82' lang='lat' dir='ltr'><strong>nino</strong></span> <span class='ocrx_word' id='word_1_371' title='bbox 355 3526 453 3571; x_wconf 85' lang='lat' dir='ltr'><strong>eausa,</strong></span> <span class='ocrx_word' id='word_1_372' title='bbox 478 3517 508 3559; x_wconf 93' lang='lat' dir='ltr'><strong>ut</strong></span> <span class='ocrx_word' id='word_1_373' title='bbox 530 3516 596 3576; x_wconf 88' lang='lat' dir='ltr'><strong>puta</strong></span> <span class='ocrx_word' id='word_1_374' title='bbox 620 3512 647 3561; x_wconf 91' lang='lat' dir='ltr'><strong>in</strong></span> <span class='ocrx_word' id='word_1_375' title='bbox 666 3513 737 3560; x_wconf 82' lang='lat' dir='ltr'><strong>silua</strong></span> <span class='ocrx_word' id='word_1_376' title='bbox 756 3513 862 3560; x_wconf 80' lang='lat' dir='ltr'><strong>subitus</strong></span> <span class='ocrx_word' id='word_1_377' title='bbox 877 3513 972 3560; x_wconf 84' lang='lat' dir='ltr'><strong>auium</strong></span> <span class='ocrx_word' id='word_1_378' title='bbox 991 3516 1080 3560; x_wconf 87' lang='lat' dir='ltr'><strong>motus</strong></span> <span class='ocrx_word' id='word_1_379' title='bbox 1099 3512 1169 3560; x_wconf 81' lang='lat' dir='ltr'><strong>facit</strong></span> <span class='ocrx_word' id='word_1_380' title='bbox 1186 3513 1311 3576; x_wconf 79' lang='lat' dir='ltr'><strong>panidos,</strong></span> 
     </span>
     <span class='ocr_line' id='line_1_41' title="bbox 175 3578 1312 3645; baseline -0.001 -16"><span class='ocrx_word' id='word_1_381' title='bbox 175 3582 254 3631; x_wconf 82' lang='lat' dir='ltr'><strong>etiam</strong></span> <span class='ocrx_word' id='word_1_382' title='bbox 277 3594 365 3645; x_wconf 84' lang='lat' dir='ltr'><strong>equus</strong></span> <span class='ocrx_word' id='word_1_383' title='bbox 388 3578 488 3627; x_wconf 89' lang='lat' dir='ltr'><strong>dicitur</strong></span> <span class='ocrx_word' id='word_1_384' title='bbox 511 3579 626 3644; x_wconf 83' lang='lat' dir='ltr'><strong>pauidus</strong></span> <span class='ocrx_word' id='word_1_385' title='bbox 650 3581 696 3642; x_wconf 89' lang='lat' dir='ltr'><strong>qui</strong></span> <span class='ocrx_word' id='word_1_386' title='bbox 720 3586 798 3628; x_wconf 77' lang='lat' dir='ltr'><strong>taeta</strong></span> <span class='ocrx_word' id='word_1_387' title='bbox 816 3581 907 3628; x_wconf 77' lang='lat' dir='ltr'><strong>sarbito</strong></span> <span class='ocrx_word' id='word_1_388' title='bbox 926 3579 1107 3635; x_wconf 82' lang='lat' dir='ltr'><strong>oxlrorresoit;</strong></span> <span class='ocrx_word' id='word_1_389' title='bbox 1135 3579 1250 3628; x_wconf 85' lang='lat' dir='ltr'><strong>formido</strong></span> <span class='ocrx_word' id='word_1_390' title='bbox 1273 3580 1312 3628; x_wconf 85' lang='lat' dir='ltr'><strong>rei</strong></span> 
     </span>
     <span class='ocr_line' id='line_1_42' title="bbox 175 3646 1313 3713; baseline -0.002 -16"><span class='ocrx_word' id='word_1_391' title='bbox 175 3663 269 3699; x_wconf 86' lang='lat' dir='ltr'><strong>nomen</strong></span> <span class='ocrx_word' id='word_1_392' title='bbox 293 3653 336 3696; x_wconf 90' lang='lat' dir='ltr'><strong>est</strong></span> <span class='ocrx_word' id='word_1_393' title='bbox 361 3661 431 3711; x_wconf 84' lang='lat' dir='ltr'><strong>quae</strong></span> <span class='ocrx_word' id='word_1_394' title='bbox 455 3654 569 3711; x_wconf 82' lang='lat' dir='ltr'><strong>aspecta</strong></span> <span class='ocrx_word' id='word_1_395' title='bbox 592 3646 729 3695; x_wconf 82' lang='lat' dir='ltr'><strong>oculorum</strong></span> <span class='ocrx_word' id='word_1_396' title='bbox 753 3654 838 3695; x_wconf 68' lang='lat' dir='ltr'><strong>torret</strong></span> <span class='ocrx_word' id='word_1_397' title='bbox 863 3649 981 3708; x_wconf 81' lang='lat' dir='ltr'><strong>anirnns,</strong></span> <span class='ocrx_word' id='word_1_398' title='bbox 1009 3654 1038 3694; x_wconf 88' lang='lat' dir='ltr'><strong>nt</strong></span> <span class='ocrx_word' id='word_1_399' title='bbox 1063 3647 1090 3694; x_wconf 91' lang='lat' dir='ltr'><strong>in</strong></span> <span class='ocrx_word' id='word_1_400' title='bbox 1114 3647 1187 3697; x_wconf 73' lang='lat' dir='ltr'><strong>sirco</strong></span> <span class='ocrx_word' id='word_1_401' title='bbox 1206 3648 1313 3713; x_wconf 82' lang='lat' dir='ltr'><strong>positae</strong></span> 
     </span>
     <span class='ocr_line' id='line_1_43' title="bbox 175 3712 1316 3779; baseline -0.002 -14"><span class='ocrx_word' id='word_1_402' title='bbox 175 3716 278 3767; x_wconf 80' lang='lat' dir='ltr'><strong>bestiae</strong></span> <span class='ocrx_word' id='word_1_403' title='bbox 298 3713 403 3776; x_wconf 63' lang='lat' dir='ltr'><strong>terrant</strong></span> <span class='ocrx_word' id='word_1_404' title='bbox 421 3712 600 3779; x_wconf 82' lang='lat' dir='ltr'><strong>spectantes.‘</strong></span> <span class='ocrx_word' id='word_1_405' title='bbox 617 3742 648 3748; x_wconf 42' lang='grc' dir='ltr'><strong><em>α</em></strong></span> <span class='ocrx_word' id='word_1_406' title='bbox 667 3715 688 3763; x_wconf 86' lang='lat' dir='ltr'>F</span> <span class='ocrx_word' id='word_1_407' title='bbox 707 3732 732 3779; x_wconf 89' lang='lat' dir='ltr'><strong>p.</strong></span> <span class='ocrx_word' id='word_1_408' title='bbox 752 3714 813 3764; x_wconf 71' lang='lat'><strong>353:</strong></span> <span class='ocrx_word' id='word_1_409' title='bbox 840 3715 939 3763; x_wconf 76' lang='lat' dir='ltr'><strong>‘Motus</strong></span> <span class='ocrx_word' id='word_1_410' title='bbox 952 3719 1040 3763; x_wconf 72' lang='lat' dir='ltr'><strong>orantus</strong></span> <span class='ocrx_word' id='word_1_411' title='bbox 1060 3721 1102 3763; x_wconf 83' lang='lat' dir='ltr'><strong>est</strong></span> <span class='ocrx_word' id='word_1_412' title='bbox 1121 3715 1213 3776; x_wconf 73' lang='lat' dir='ltr'><strong>aniani,</strong></span> <span class='ocrx_word' id='word_1_413' title='bbox 1233 3715 1316 3763; x_wconf 81' lang='lat' dir='ltr'><strong>tinror</strong></span> 
     </span>
     <span class='ocr_line' id='line_1_44' title="bbox 175 3780 1312 3847; baseline -0.003 -15"><span class='ocrx_word' id='word_1_414' title='bbox 175 3790 272 3844; x_wconf 87' lang='lat' dir='ltr'><strong>tumor,</strong></span> <span class='ocrx_word' id='word_1_415' title='bbox 298 3781 417 3831; x_wconf 83' lang='lat' dir='ltr'><strong>formido</strong></span> <span class='ocrx_word' id='word_1_416' title='bbox 436 3782 490 3830; x_wconf 79' lang='lat' dir='ltr'><strong>t’ert</strong></span> <span class='ocrx_word' id='word_1_417' title='bbox 509 3781 643 3830; x_wconf 77' lang='lat' dir='ltr'><strong>interdum</strong></span> <span class='ocrx_word' id='word_1_418' title='bbox 664 3784 806 3837; x_wconf 80' lang='lat' dir='ltr'><strong>rationem.</strong></span> <span class='ocrx_word' id='word_1_419' title='bbox 827 3798 913 3847; x_wconf 87' lang='lat' dir='ltr'><strong>panor</strong></span> <span class='ocrx_word' id='word_1_420' title='bbox 930 3782 1044 3847; x_wconf 83' lang='lat' dir='ltr'><strong>puerilis</strong></span> <span class='ocrx_word' id='word_1_421' title='bbox 1063 3780 1125 3830; x_wconf 79' lang='lat' dir='ltr'><strong>ast&#39;</strong></span> <span class='ocrx_word' id='word_1_422' title='bbox 1164 3784 1199 3831; x_wconf 81' lang='lat' dir='ltr'><strong>af.</strong></span> <span class='ocrx_word' id='word_1_423' title='bbox 1215 3783 1312 3831; x_wconf 73' lang='lat' dir='ltr'><strong>Cicero</strong></span> 
     </span>
     <span class='ocr_line' id='line_1_45' title="bbox 175 3846 928 3914; baseline -0.004 -13"><span class='ocrx_word' id='word_1_424' title='bbox 175 3850 321 3901; x_wconf 84' lang='lat' dir='ltr'><strong>Tusculan.</strong></span> <span class='ocrx_word' id='word_1_425' title='bbox 340 3849 364 3896; x_wconf 92' lang='lat' dir='ltr'>V</span> <span class='ocrx_word' id='word_1_426' title='bbox 384 3846 423 3909; x_wconf 82' lang='lat'><strong>18,</strong></span> <span class='ocrx_word' id='word_1_427' title='bbox 443 3864 521 3913; x_wconf 82' lang='lat' dir='ltr'><strong>qnam</strong></span> <span class='ocrx_word' id='word_1_428' title='bbox 540 3849 643 3898; x_wconf 83' lang='lat' dir='ltr'><strong>Nonius</strong></span> <span class='ocrx_word' id='word_1_429' title='bbox 662 3866 686 3914; x_wconf 92' lang='lat' dir='ltr'><strong>p.</strong></span> <span class='ocrx_word' id='word_1_430' title='bbox 706 3851 755 3898; x_wconf 68' lang='lat'><strong>444</strong></span> <span class='ocrx_word' id='word_1_431' title='bbox 775 3850 928 3914; x_wconf 82' lang='lat' dir='ltr'><strong>exscripsit.</strong></span> 
     </span>
    </p>
   </div>
   <div class='ocr_carea' id='block_1_6' title="bbox 181 3978 374 3989">
    <p class='ocr_par' dir='ltr' id='par_1_13' title="bbox 181 3978 374 3989">
     <span class='ocr_line' id='line_1_46' title="bbox 181 3978 374 3989; baseline -0.021 0"><span class='ocrx_word' id='word_1_432' title='bbox 181 3980 347 3989; x_wconf 66' lang='lat'><strong>——----</strong></span> <span class='ocrx_word' id='word_1_433' title='bbox 359 3978 374 3985; x_wconf 75' lang='lat'><em>—</em></span> 
     </span>
    </p>
   </div>
   <div class='ocr_carea' id='block_1_7' title="bbox 173 4048 1313 4472">
    <p class='ocr_par' dir='ltr' id='par_1_14' title="bbox 173 4048 1313 4472">
     <span class='ocr_line' id='line_1_47' title="bbox 253 4048 1311 4133; baseline -0.008 -18"><span class='ocrx_word' id='word_1_434' title='bbox 253 4065 263 4115; x_wconf 93' lang='grc'>1</span> <span class='ocrx_word' id='word_1_435' title='bbox 283 4055 445 4112; x_wconf 87' lang='lat' dir='ltr'><strong>miseratur</strong></span> <span class='ocrx_word' id='word_1_436' title='bbox 460 4048 516 4133; x_wconf 83' lang='grc' dir='ltr'><strong>ΜΗ</strong></span> <span class='ocrx_word' id='word_1_437' title='bbox 532 4062 549 4111; x_wconf 75' lang='lat'><strong>2</strong></span> <span class='ocrx_word' id='word_1_438' title='bbox 565 4054 690 4112; x_wconf 82' lang='lat' dir='ltr'><strong>alterins</strong></span> <span class='ocrx_word' id='word_1_439' title='bbox 710 4063 825 4111; x_wconf 84' lang='lat' dir='ltr'><strong>tantum</strong></span> <span class='ocrx_word' id='word_1_440' title='bbox 844 4054 985 4112; x_wconf 81' lang='lat' dir='ltr'><strong>affectum</strong></span> <span class='ocrx_word' id='word_1_441' title='bbox 1000 4076 1014 4111; x_wconf 71' lang='lat' dir='ltr'><strong>a</strong></span> <span class='ocrx_word' id='word_1_442' title='bbox 1029 4063 1062 4111; x_wconf 90' lang='lat' dir='ltr'><strong>ut</strong></span> <span class='ocrx_word' id='word_1_443' title='bbox 1079 4055 1129 4113; x_wconf 84' lang='lat' dir='ltr'><strong>Mo</strong></span> <span class='ocrx_word' id='word_1_444' title='bbox 1148 4052 1241 4110; x_wconf 77' lang='lat' dir='ltr'><strong>licoat</strong></span> <span class='ocrx_word' id='word_1_445' title='bbox 1263 4069 1311 4107; x_wconf 87' lang='lat' dir='ltr'><strong>ca-</strong></span> 
     </span>
     <span class='ocr_line' id='line_1_48' title="bbox 174 4135 1311 4198; baseline -0.007 0"><span class='ocrx_word' id='word_1_446' title='bbox 174 4159 235 4198; x_wconf 84' lang='lat' dir='ltr'><strong>sum</strong></span> <span class='ocrx_word' id='word_1_447' title='bbox 247 4138 387 4198; x_wconf 85' lang='lat' dir='ltr'><strong>miserari</strong></span> <span class='ocrx_word' id='word_1_448' title='bbox 404 4139 530 4197; x_wconf 86' lang='lat' dir='ltr'><strong>insontis</strong></span> <span class='ocrx_word' id='word_1_449' title='bbox 543 4140 632 4196; x_wconf 81' lang='lat' dir='ltr'><strong>amici</strong></span> <span class='ocrx_word' id='word_1_450' title='bbox 645 4139 781 4194; x_wconf 76' lang='lat' dir='ltr'><strong>Rothius:</strong></span> <span class='ocrx_word' id='word_1_451' title='bbox 798 4137 923 4196; x_wconf 86' lang='lat' dir='ltr'><strong>alterius</strong></span> <span class='ocrx_word' id='word_1_452' title='bbox 932 4150 964 4196; x_wconf 89' lang='lat' dir='ltr'><strong>ut</strong></span> <span class='ocrx_word' id='word_1_453' title='bbox 975 4140 1083 4198; x_wconf 85' lang='lat' dir='ltr'><strong>melica</strong></span> <span class='ocrx_word' id='word_1_454' title='bbox 1096 4148 1127 4196; x_wconf 89' lang='lat' dir='ltr'><strong>nt</strong></span> <span class='ocrx_word' id='word_1_455' title='bbox 1143 4155 1245 4194; x_wconf 78' lang='lat' dir='ltr'><strong>casum</strong></span> <span class='ocrx_word' id='word_1_456' title='bbox 1258 4135 1311 4190; x_wconf 83' lang='lat' dir='ltr'><strong>rni-</strong></span> 
     </span>
     <span class='ocr_line' id='line_1_49' title="bbox 173 4218 1313 4302; baseline -0.005 -21"><span class='ocrx_word' id='word_1_457' title='bbox 173 4225 264 4283; x_wconf 78' lang='lat' dir='ltr'><strong>aernri</strong></span> <span class='ocrx_word' id='word_1_458' title='bbox 280 4231 399 4281; x_wconf 81' lang='lat' dir='ltr'><strong>tanturn</strong></span> <span class='ocrx_word' id='word_1_459' title='bbox 417 4224 557 4281; x_wconf 82' lang='lat' dir='ltr'><strong>affectum</strong></span> <span class='ocrx_word' id='word_1_460' title='bbox 575 4223 706 4280; x_wconf 84' lang='lat' dir='ltr'><strong>insontis·</strong></span> <span class='ocrx_word' id='word_1_461' title='bbox 720 4220 850 4298; x_wconf 63' lang='lat' dir='ltr'><strong>amicitia</strong></span> <span class='ocrx_word' id='word_1_462' title='bbox 868 4224 901 4279; x_wconf 87' lang='grc' dir='ltr'><em>Μ</em></span> <span class='ocrx_word' id='word_1_463' title='bbox 913 4218 925 4302; x_wconf 62' lang='grc' dir='ltr'>Η</span> <span class='ocrx_word' id='word_1_464' title='bbox 942 4221 1003 4301; x_wconf 86' lang='lat' dir='ltr'><strong>me]</strong></span> <span class='ocrx_word' id='word_1_465' title='bbox 1024 4227 1105 4296; x_wconf 68' lang='lat' dir='ltr'><strong>Vero.</strong></span> <span class='ocrx_word' id='word_1_466' title='bbox 1121 4227 1189 4278; x_wconf 79' lang='lat' dir='ltr'><strong>Aen.</strong></span> <span class='ocrx_word' id='word_1_467' title='bbox 1217 4221 1242 4275; x_wconf 75' lang='lat' dir='ltr'><em>V</em></span> <span class='ocrx_word' id='word_1_468' title='bbox 1254 4226 1313 4275; x_wconf 75' lang='lat'><strong>350</strong></span> 
     </span>
     <span class='ocr_line' id='line_1_50' title="bbox 175 4303 1311 4385; baseline -0.009 -16"><span class='ocrx_word' id='word_1_469' title='bbox 175 4303 186 4385; x_wconf 84' lang='grc' dir='ltr'><strong>ΙΙ</strong></span> <span class='ocrx_word' id='word_1_470' title='bbox 204 4310 372 4370; x_wconf 71' lang='lat' dir='ltr'><strong>destinato</strong></span> <span class='ocrx_word' id='word_1_471' title='bbox 388 4308 547 4366; x_wconf 85' lang='lat' dir='ltr'><strong>miseratus</strong></span> <span class='ocrx_word' id='word_1_472' title='bbox 568 4306 710 4382; x_wconf 78' lang='lat' dir='ltr'><strong>agrestis]</strong></span> <span class='ocrx_word' id='word_1_473' title='bbox 730 4305 869 4363; x_wconf 73' lang='lat' dir='ltr'><strong>‘mattilnti</strong></span> <span class='ocrx_word' id='word_1_474' title='bbox 883 4324 983 4364; x_wconf 81' lang='lat' dir='ltr'><strong>versus</strong></span> <span class='ocrx_word' id='word_1_475' title='bbox 1007 4311 1089 4379; x_wconf 68' lang='lat' dir='ltr'><strong>Vero.</strong></span> <span class='ocrx_word' id='word_1_476' title='bbox 1106 4322 1204 4377; x_wconf 69' lang='lat' dir='ltr'><strong>prosp.</strong></span> <span class='ocrx_word' id='word_1_477' title='bbox 1218 4304 1237 4358; x_wconf 90' lang='grc' dir='ltr'><em>Ι</em></span> <span class='ocrx_word' id='word_1_478' title='bbox 1251 4310 1311 4359; x_wconf 70' lang='lat' dir='ltr'><strong>triti</strong></span> 
     </span>
     <span class='ocr_line' id='line_1_51' title="bbox 173 4388 1184 4472; baseline -0.006 -24"><span class='ocrx_word' id='word_1_479' title='bbox 173 4401 199 4448; x_wconf 83' lang='lat' dir='ltr'><strong>et</strong></span> <span class='ocrx_word' id='word_1_480' title='bbox 215 4396 268 4450; x_wconf 68' lang='grc' dir='ltr'><strong>Μ’</strong></span> <span class='ocrx_word' id='word_1_481' title='bbox 286 4392 411 4449; x_wconf 75' lang='lat' dir='ltr'><strong>Rotln&#39;us</strong></span> <span class='ocrx_word' id='word_1_482' title='bbox 435 4388 439 4470; x_wconf 61' lang='lat' dir='ltr'><strong>i</strong></span> <span class='ocrx_word' id='word_1_483' title='bbox 458 4391 604 4468; x_wconf 73' lang='lat' dir='ltr'><strong>t&#39;l&#39;urne]</strong></span> <span class='ocrx_word' id='word_1_484' title='bbox 627 4395 709 4466; x_wconf 70' lang='lat' dir='ltr'><strong>Very.</strong></span> <span class='ocrx_word' id='word_1_485' title='bbox 728 4394 799 4448; x_wconf 73' lang='lat' dir='ltr'><strong>Aera.</strong></span> <span class='ocrx_word' id='word_1_486' title='bbox 817 4392 884 4448; x_wconf 82' lang='lat' dir='ltr'><strong>XII</strong></span> <span class='ocrx_word' id='word_1_487' title='bbox 896 4388 982 4472; x_wconf 67' lang='lat'><strong>6531}</strong></span> <span class='ocrx_word' id='word_1_488' title='bbox 997 4401 1014 4454; x_wconf 89' lang='grc'>6</span> <span class='ocrx_word' id='word_1_489' title='bbox 1030 4391 1142 4448; x_wconf 83' lang='lat' dir='ltr'><strong>frustra</strong></span> <span class='ocrx_word' id='word_1_490' title='bbox 1153 4388 1184 4442; x_wconf 85' lang='lat' dir='ltr'><em>M</em></span> 
     </span>
    </p>
   </div>
   <div class='ocr_carea' id='block_1_8' title="bbox 0 0 1486 5002">
    <p class='ocr_par' dir='ltr' id='par_1_15' title="bbox 0 0 1486 5002">
     <span class='ocr_line' id='line_1_52' title="bbox 0 0 1486 5002; baseline 0 3"><span class='ocrx_word' id='word_1_491' title='bbox 0 0 1486 5002; x_wconf 95' lang='lat' dir='ltr'><strong> </strong></span> 
     </span>
    </p>
   </div>
  </div>
 </body>
</html>
