2964 5002
611 378 654 416 DE
677 378 778 416 REBVS
803 377 911 417 l'rlRllS

480 626 561 710 DE
591 627 792 707 REBVS
818 627 1034 707 VARIIS

263 790 446 857 Suetonius
468 790 678 878 Tranquillus
703 790 743 854 de
776 790 873 855 robus
898 793 1001 856 uariis
1030 793 1409 878 ‘praepositiones'205

184 894 287 980 inquit
322 898 455 957 ‘omnes
485 893 617 956 omnino
651 901 726 955 sunt
753 892 880 957 Graece
912 893 1139 978 duodeuiginti
1175 891 1243 979 [qui
1270 917 1327 957 nu-

184 1014 288 1057 merus
310 993 398 1058 inter
420 1006 533 1057 omnes
556 994 687 1057 criticos
718 995 949 1078 grammaticos
976 995 1122 1080 profecto
1150 994 1327 1082 conuenitl,

184 1103 312 1158 nostras
336 1115 416 1158 uero
439 1116 512 1158 esse
534 1094 610 1158 has:
642 1094 684 1157 ab
706 1094 749 1157 ad
772 1105 903 1180 praeter
925 1118 984 1181 pro
1005 1117 1085 1181 prae
1105 1117 1206 1183 prope
1229 1097 1326 1161 inex
1408 1160 1410 1164 ,

165 1195 242 1261 asub
261 1216 364 1282 super
386 1195 530 1259 subter.'

268 1363 449 1428 Suetonius
481 1362 692 1448 Tranquillus
725 1365 952 1450 praeuerbium
983 1374 1077 1452 putat
1109 1366 1175 1430 dici
1206 1367 1408 1438 ‹lebere206

184 1464 270 1552 quod
297 1473 376 1528 ante
404 1464 557 1546 uerbum,
587 1466 779 1530 aduerbium
808 1467 893 1552 quod
922 1477 997 1553 post
1023 1467 1160 1532 uerbum
1183 1468 1326 1554 appella-

183 1569 303 1631 tionem
326 1567 427 1629 etiam
449 1588 631 1652 nomenque
654 1577 805 1652 ponatur.

581 1704 597 1740 t
920 1703 935 1739 t

749 1749 766 1783 s

268 1850 394 1951 inchoo
416 1885 580 1951 inchoaui.
627 1889 674 1950 sic
702 1887 875 1952 dicendum
899 1899 993 1975 putat
1019 1889 1124 1954 Iulius
1146 1890 1407 1970 blodestus‚'2ll'l

187 2078 334 2131 locutum
353 2071 491 2140 (locutum
508 2077 609 2125 addidit
627 2075 657 2126 0.
675 2077 792 2141 Iolmbra)
811 2079 962 2128 'l'ullinm
985 2080 1211 2144 reprehendit
1229 2080 1326 2130 sillo-

187 2144 338 2210 graphos
362 2144 521 2193 imitatus
544 2145 736 2209 scriptores
760 2146 964 2209 maledicos,
997 2149 1128 2198 iudicio
1152 2150 1327 2198 doctarum

188 2214 317 2263 aurium
335 2212 522 2261 incusatur
539 2217 574 2260 ut
598 2213 758 2261 immania
783 2215 982 2263 trementem
1002 2213 1132 2264 leonem
1157 2216 1327 2280 putidulis

187 2280 332 2331 uocibus
350 2295 459 2329 canus
478 2279 613 2329 catulus
632 2280 768 2345 longius
787 2279 1075 2330 circumlatrans.'
1106 2282 1218 2331 Sunius:
1238 2282 1327 2332 Δίδυ-

185 2363 235 2425 {¹⁰0
256 2341 394 2412 Διδύμου
416 2339 613 2411 ταριχοπώλου
633 2337 1069 2420 Ἀριστάρχειος,Ἀλεξανδρεύμ
1099 2342 1250 2412 γεγονώς
1275 2340 1328 2400 ἐπ’

187 2412 366 2467 Assosloo
383 2410 444 2464 καὶ
460 2408 661 2478 Κικέρωνος
678 2413 729 2465 sai
746 2408 972 2480 ’ἕωςΛυγούστου
991 2432 1014 2463 e.
1035 2432 1059 2479 q.
1079 2431 1101 2463 s.

211 2518 221 2531 .
266 2480 321 2535 ‘2⁰5
345 2481 488 2532 Charisius
505 2499 531 2548 p.
551 2481 614 2533 236:
645 2483 744 2532 ‘Gaius
763 2483 850 2532 Iulius
869 2485 1007 2532 liomanus
1026 2484 1058 2530 de
1077 2483 1327 2546 praepositionibus

186 2553 253 2603 libro
269 2542 414 2617 α’φορμῶν
430 2551 472 2599 ita
491 2550 583 2600 refert.
619 2550 805 2601 Suet-onius
871 2552 996 2601 subter.
1026 2551 1244 2615 praepositiones
1263 2550 1328 2611 quis

187 2626 392 2686 praeponuntur
404 2617 501 2667 merito
520 2625 675 2667 censentur.
711 2626 816 2668 namet
835 2619 901 2668 illud
920 2619 1046 2668 Sallustii
1064 2617 1238 2667 historiarum
1257 2614 1326 2664 libro

188 2688 213 2737 l:
237 2690 315 2750 Quos
333 2687 406 2735 inter
424 2687 555 2746 maxime,
575 2687 745 2750 praepositio
765 2693 820 2751 est,
848 2689 913 2751 quia
930 2703 980 2752 por
998 2685 1192 2749 anastrophem
1211 2682 1327 2731 dicimus

188 2772 265 2820 posse
285 2753 420 2805 conuerti.
457 2754 674 2817 praepositiones
693 2761 741 2803 erit
760 2755 871 2804 casibus
884 2755 1008 2805 seruiunt
1026 2758 1074 2802 aut
1090 2750 1217 2816 loquellis
1233 2756 1281 2798 aut
1298 2755 1327 2799 et

189 2824 298 2874 casibus
317 2827 346 2871 et
363 2819 515 2885 loquellis.'
551 2821 584 2869 ln
607 2822 647 2870 eis
671 2836 741 2885 quae
761 2829 891 2871 sceuutur
908 2822 993 2871 verba
1012 2820 1019 2845 ‘
1026 2820 1245 2885 praepositiones
1263 2824 1327 2866 sunt

189 2891 253 2942 hae:
291 2889 342 2939 abs
362 2904 397 2953 sp
416 2902 452 2936 su
468 2888 580 2937 circiter
601 2903 685 2953 snpra
706 2888 807 2954 usque‘
831 2889 999 2954 interpolata
1021 2892 1096 2947 sunt,
1122 2887 1219 2956 quibus
1238 2901 1326 2934 rorum

189 2960 251 3009 ordo
269 2957 367 3007 mirum
386 2957 414 3005 in
433 2955 538 3004 modum
556 2956 693 3005 turbetur:
728 2973 780 3006 nec
799 2958 919 3007 debebat
936 2954 1043 3005 Keilius
1061 2955 1169 3003 omissis
1186 2954 1326 3019 praeposi·

190 3026 310 3078 tionibus
329 3022 463 3074 addendis
481 3023 649 3088 interpolata
667 3025 766 3073 iterum
785 3023 961 3089 interpolare.

270 3090 324 3146 206
348 3090 492 3140 Charisius
511 3108 536 3156 p·
559 3090 618 3139 iou:
649 3091 750 3141 ‘Gaius
769 3092 855 3141 Iulius
872 3092 1012 3140 Romanus
1025 3090 1066 3138 ita
1079 3089 1165 3138 refert
1182 3089 1215 3138 de
1229 3089 1325 3138 aduer-

190 3164 233 3213 bio
250 3163 302 3212 sab
320 3159 402 3209 titulo
421 3147 580 3223 ἀφορμῶν]
616 3175 641 3223 p.
664 3158 723 3208 104:
744 3162 782 3208 ‘et
799 3160 873 3224 prius
892 3156 957 3208 illud
976 3156 1167 3222 praeuerbium
1181 3173 1217 3206 an
1230 3157 1326 3206 aduer-

191 3231 262 3280 binm
280 3228 337 3279 dici
363 3227 464 3276 debeat
487 3226 663 3291 disputemus.
706 3227 889 3276 Suetonius
914 3227 1016 3274 etenim
1038 3223 1266 3288 Tranquillus

191 3303 345 3364 ponatur.
382 3294 431 3344 sed
449 3298 479 3342 ut
496 3294 620 3343 facilitas
639 3294 794 3359 legentibus
813 3293 886 3341 adsit
903 3308 957 3341 non
975 3293 1122 3357 requisita,
1142 3291 1254 3356 placeat
1273 3308 1327 3341 non

191 3383 236 3431 per
251 3358 369 3431 sapores
387 3361 582 3426 specimenque
601 3363 688 3426 partis
707 3362 786 3409 istius
805 3366 833 3409 et
852 3366 1012 3409 enumerata
1030 3360 1152 3408 membra
1165 3360 1268 3425 regulis
1287 3361 1327 3408 al·

191 3436 276 3501 ligata
295 3432 345 3481 sed
364 3432 403 3479 ire
423 3442 472 3494 per
487 3426 599 3478 litteras
617 3430 741 3484 inarime,
762 3444 822 3477 cnm
842 3428 1001 3476 aduerbinm
1014 3427 1101 3476 Stoici
1119 3432 1149 3476 ut
1168 3427 1239 3475 alias
1257 3428 1326 3476 ‹lini-

191 3518 247 3552 mus
265 3499 424 3566 pandecten
443 3503 550 3546 uoceut.
586 3512 649 3544 nam
668 3497 759 3545 omnia
778 3497 806 3544 in
825 3512 854 3545 se
873 3497 950 3560 capit
967 3495 1046 3561 qnasi
1064 3493 1168 3543 collata
1186 3510 1234 3558 per
1252 3503 1327 3544 sutu-

192 3586 244 3619 ram
263 3580 399 3618 concessa
417 3565 471 3613 sibi
489 3579 577 3613 rerum
596 3565 675 3613 traria
693 3562 851 3628 potestate!
887 3564 919 3625 Q.
937 3562 1083 3611 Terentius
1096 3562 1214 3611 Scaurini
1233 3563 1266 3611 de
1286 3579 1326 3610 or·

191 3635 356 3700 thoprapbia
368 3649 394 3697 p.
408 3631 520 3682 22621’:
537 3632 631 3681 ‘Varro
645 3631 777 3680 aduerbia
790 3631 891 3681 localia
905 3646 974 3695 qliae
985 3630 1034 3679 alii
1046 3630 1212 3693 praenerb'ra
1225 3636 1328 3679 uocant

192 3711 319 3771 qrrattuor
343 3717 404 3750 esse
429 3700 509 3749 dicit:
535 3715 565 3746 ex
591 3700 618 3746 in
642 3699 677 3747 ad
701 3697 756 3747 ab.'
774 3726 807 3733 —
842 3700 944 3748 Fronto
968 3697 1001 3746 do
1025 3697 1082 3746 dili.
1101 3697 1198 3746 vocab.
1217 3715 1242 3763 p.
1262 3698 1326 3746 :3542

192 3769 396 3824 'Prseuerbium
415 3775 443 3816 et
461 3767 628 3815 adnerbium.
665 3766 856 3831 praeuerbimn
876 3772 918 3814 est
939 3765 1100 3830 euphemon,
1121 3764 1281 3814 aduerbium
1301 3773 1329 3814 et

192 3841 318 3890 uitiosum
338 3842 366 3887 et
384 3836 477 3885 lictum
496 3841 550 3892 est,
577 3840 668 3882 tanuen
687 3835 714 3882 in
734 3849 810 3881 usum
830 3849 901 3882 rrunc
920 3838 963 3882 est
980 3830 1140 3898 receptum’

271 3903 324 3959 tbi
344 3903 492 3954 Diomedes
515 3918 540 3966 p.
565 3901 627 3951 365:
664 3899 820 3950 ‘lnelioo’
840 3917 863 3949 e.
884 3918 909 3965 q.
929 3916 951 3950 s.
970 3926 1003 3935 ——
1022 3902 1109 3949 Varro
1127 3901 1158 3949 L.
1183 3900 1215 3948 1..
1235 3900 1258 3946 V
1284 3898 1326 3948 tu:

194 3962 317 4026 ‘Omnino
342 3987 395 4037 ego
417 3969 505 4034 magis
529 3973 595 4034 puto
614 3985 630 4018 u
648 3969 718 4019 chao
738 3968 851 4030 choum,
869 3969 933 4017 hine
955 3983 1053 4018 esuum
1072 3973 1101 4017 et
1116 3967 1179 4017 irino
1199 3964 1325 4017 eaelum.'

195 4075 388 4089 *θα-,ι-

272 4128 358 4209 uqui
374 4160 411 4168 —
426 4125 567 4182 conuenit.
585 4126 709 4180 Romani
724 4127 947 4180 (cridilamentum
959 4131 1001 4180 est
1015 4117 1029 4201 ll
1044 4131 1062 4184 t
1076 4141 1151 4200 prae
1163 4120 1193 4178 in
1210 4139 1245 4177 cx
1260 4117 1325 4191 (om.

193 4213 297 4292 prope)
315 4213 525 4284 Neapolitanus
540 4229 612 4287 prae
630 4229 711 4286 prop.
729 4227 796 4264 mea
810 4209 1004 4280 [rumusculum
1020 4211 1126 4264 codicia
1140 4205 1268 4261 Purisim‘
1282 4196 1325 4278 lli

194 4310 259 4356 ante
279 4296 407 4357 uerbum
426 4299 544 4366 scripsi:
569 4305 639 4351 ante
659 4293 709 4350 uel
724 4296 789 4349 libri
803 4287 816 4371 Η
832 4290 995 4369 appellatio
1011 4295 1163 4348 Fabricius
1177 4283 1191 4366 ΙΙ
1205 4297 1222 4348 9
1237 4283 1326 4342 iucho

194 4382 331 4441 inchoaui
353 4384 380 4437 A
400 4381 452 4452 (cf.
468 4398 534 4453 pap.
558 4383 702 4452 redimi.)

228 4497 347 4535 tineosi
367 4495 431 4530 usn.
722 4532 726 4547 ¹
1099 4470 1139 4531 23
