2964 5002
184 346 246 409 430
501 359 727 410 ovsesrmnss
750 359 979 402 svaroursneu

186 514 282 596 quod,
300 534 367 573 cum
380 531 476 572 annus
488 511 636 571 naturalis
647 511 687 569 ad
701 511 774 571 solis
788 508 878 571 simul
886 517 918 569 et
927 509 1019 570 lunae
1030 528 1150 571 cursum
1164 511 1334 571 convenire

187 615 329 689 deberet,
345 613 385 674 ad
400 613 474 672 solis
489 611 670 692 synodalem
688 611 833 671 circulum
850 610 1067 677 inveniendum
1082 630 1159 692 opus
1178 622 1248 672 erat
1265 613 1334 671 eius

186 718 311 798 eclipsis
322 714 498 775 observare.
515 714 620 793 itaque
631 722 753 774 veteres
767 713 919 775 Graeciae
930 714 1074 775 civitates
1087 733 1155 775 cum
1171 723 1206 774 ut
1216 734 1334 773 annum

184 819 355 879 naturalem
370 816 614 897 adsequerentur
629 816 756 895 primum
770 813 930 876 trieterida
944 816 1148 877 instituissent
1160 825 1273 896 postea
1285 836 1332 876 er·

186 939 254 980 rore
267 919 388 996 cognito
399 918 459 978 hoc
470 925 589 997 tempus
600 916 794 997 duplicarunt
804 925 836 975 et
847 916 1105 977 tetrasteridavel
1115 916 1333 997 pentasterida

185 1021 335 1082 iecerunt.
365 1020 425 1080 hoc
447 1039 568 1100 qnoque
589 1027 710 1096 tempus
733 1036 802 1078 cum
816 1017 858 1077 ad
870 1017 943 1077 selis
958 1016 1049 1077 modo
1065 1037 1186 1078 cursum
1209 1017 1331 1095 necxad

185 1122 277 1183 lunae
299 1140 468 1198 edomuere
488 1099 645 1181 videretisr
665 1116 853 1196 duplicatum
871 1127 921 1179 est
933 1126 965 1178 et
983 1121 1148 1181 octaeteris
1169 1120 1255 1181 facta
1279 1119 1331 1179 vel

185 1244 224 1283 ne
240 1244 259 1283 a
274 1202 395 1284 Graece
413 1220 600 1300 conputandi
614 1239 697 1279 more
713 1218 863 1281 recedam,
875 1221 1060 1281 enneateris.
1085 1230 1149 1281 tum
1166 1242 1242 1283 vero
1261 1222 1330 1281 dili·

185 1323 375 1403 gentioribus
397 1323 472 1385 solu
495 1322 654 1403 eclipsium
674 1318 937 1381 observationibus
951 1306 1060 1381 lleton
1075 1322 1330 1385 Atheniensis'eo

186 1425 336 1487 adductus
350 1432 413 1499 est,
428 1432 463 1485 ut
477 1442 590 1483 annum
603 1421 689 1482 illum
703 1440 862 1499 magnum,
874 1424 940 1504 ¹qui
956 1423 1078 1485 seliset
1090 1423 1183 1485 lunae
1200 1423 1242 1485 ad
1256 1446 1329 1492 ean·

186 1526 258 1588 dem
271 1528 351 1587 iuter
365 1535 399 1587 se
418 1525 666 1605 conparationem
680 1524 837 1584 confectis·
846 1524 953 1603 spatiis
969 1523 1117 1599 eflicitur,
1140 1524 1329 1587 undevicen-

186 1631 262 1689 simo
279 1648 358 1690 anno
375 1627 455 1687 finiri
471 1626 675 1704 intellegeret.
699 1626 739 1686 cs.
753 1627 860 1703 fragm.
878 1623 1000 1705 139*.p.
1016 1628 1080 1698 ili,
1095 1636 1168 1708 2sq.
1183 1640 1211 1693 5.
1228 1627 1268 1688 ab
1283 1629 1329 1688 his

186 1731 359 1793 veroanuis
369 1729 487 1806 magnis
501 1726 635 1797 debebat
644 1728 698 1788 ille
707 1727 854 1806 distingui
865 1735 897 1786 et
907 1735 1028 1807 poterat
1038 1728 1152 1806 optime
1164 1729 1249 1790 solus
1259 1732 1330 1793 anni

185 1832 289 1910 magni
302 1831 423 1891 nomine
437 1830 591 1907 insigniri,
608 1849 772 1910 quemnon
787 1829 883 1889 solum
897 1826 970 1889 solie
985 1835 1017 1887 et
1029 1828 1121 1891 lunae
1134 1828 1192 1891 sed
1209 1832 1284 1893 solis
1300 1840 1331 1892 et

185 1931 277 1992 lunae
292 1951 500 2012 nugarumque
524 1932 661 2013 quinque
687 1928 845 1991 stellarum
871 1929 961 1991 orbes
988 1930 1168 2013 conficiunt,
1195 1951 1265 1993 cnm
1291 1932 1329 1999 ad

185 2033 267 2095 idam
290 2035 410 2113 siguum
430 2031 483 2092 ubi
502 2031 665 2114 quondam*
677 2032 768 2093 simul
787 2034 911 2093 fuerunt
931 2052 995 2095 una
1016 2033 1200 2094 referuntur.
1237 2043 1330 2114 atque

185 2135 368 2197 Aristoteles
386 2142 465 2195 teste
483 2133 652 2195 Censorino
670 2133 784 2195 XVIII
809 2143 839 2197 ll
860 2135 1025 2195 maximum
1042 2152 1111 2192 eum
1131 2152 1226 2215 quam
1246 2156 1329 2215 mag-

185 2257 257 2297 num
277 2235 435 2316 adpellare
449 2234 564 2297 maluit.
594 2235 683 2296 vides
698 2256 747 2297 me
761 2235 987 2297 reconcinnetur
1009 2255 1089 2317 quae
1109 2235 1250 2301 Isidorus
1270 2238 1331 2300 dia·

186 2338 260 2399 iecit
284 2337 426 2399 membris
454 2337 614 2399 obscurem
641 2357 717 2399 eane
743 2329 950 2399 Suetonianae
975 2335 1192 2417 disputationis
1217 2360 1332 2403 memo·

185 2440 262 2501 riam
275 2459 485 2519 recuperasse.
520 2436 577 2498 sed
595 2439 718 2499 inscitia
739 2438 922 2500 breviatoris
944 2439 1036 2499 etiam
1051 2438 1120 2499 aliis
1138 2438 1332 2503 documentis

79 2605 82 2612 ,
186 2542 219 2603 in
234 2539 342 2601 eodem
356 2541 415 2603 hoc
431 2541 532 2620 capite
547 2540 689 2618 arguitur.
720 2541 904 2621 interposuit
917 2541 997 2600 enirn
1015 2560 1098 2600 more
1120 2558 1176 2601 suo
1197 2546 1332 2625 antiquis

186 2640 392 2703 notationibus
405 2640 612 2702 diversissima
624 2641 772 2713 institute,
786 2661 913 2720 quorum
926 2642 1162 2721 descriptionem
1175 2663 1215 2704 ex
1227 2642 1331 2706 Chris·

188 2745 279 2805 tianis
296 2743 335 2802 de
352 2741 491 2822 paschali
504 2762 622 2802 canone
633 2741 806 2801 auctoribus
818 2744 971 2821 repetivit.
997 2762 1059 2822 qua
1071 2763 1103 2802 re
1122 2746 1220 2822 magis
1239 2748 1331 2807 etiarn

187 2845 395 2905 Suetonianae
406 2842 582 2903 eruditionis
598 2842 742 2922 reliquias
759 2843 956 2917 dilaceravit,
974 2863 1041 2904 cum
1056 2844 1219 2925 posthanc
1235 2868 1331 2927 expo-

187 2947 326 3006 sitionem
339 2946 427 3024 quasi
439 2944 515 3003 nihil
525 2945 729 3005 interiecisset
741 2945 781 3004 ad
795 2946 922 3026 antique
933 2965 1078 3007 annornm
1088 2967 1267 3025 magnorum
1279 2970 1331 3027 gc-

187 3067 262 3105 nera
272 3047 401 3120 rediret,
417 3057 452 3106 ut
467 3043 688 3126 olympiadem,
711 3066 803 3127 quum
818 3047 909 3106 stulte
922 3067 1031 3106 aunum
1046 3058 1189 3128 quartum
1201 3070 1272 3111 esse
1286 3053 1331 3110 in·

187 3157 371 3227 terpretatur
389 3157 419 3207 et
436 3147 564 3209 lustrum
580 3146 611 3206 id
627 3157 674 3208 est
689 3148 895 3207 Romanorum
910 3148 1122 3227 pentasterida
1143 3151 1330 3213 inlustraret.

188 3268 277 3328 quam
288 3249 412 3328 quidem
426 3232 646 3310 simillimorum
661 3250 850 3311 Graecorum
865 3260 896 3310 et
907 3250 1114 3310 Romanorum
1124 3252 1332 3313 institutorum

188 3352 435 3430 conparationem
445 3371 506 3431 uon
516 3360 636 3430 poterat
650 3351 786 3411 Isidorus
799 3351 838 3412 de
849 3371 904 3412 sno
915 3350 1047 3425 addere,
1061 3373 1190 3432 eamque
1203 3357 1332 3434 optimo·

188 3472 253 3512 rum
263 3461 420 3513 auctorum
430 3475 498 3516 esse
510 3473 547 3514 eo
559 3453 640 3534 quod
649 3453 834 3513 Censorinus
844 3453 972 3516 eandem
985 3455 1102 3534 profert
1113 3456 1332 3535 intellegimus.

188 3554 227 3614 cf.
250 3554 454 3616 Mommsenus
476 3556 610 3627 chronol.
635 3555 908 3633 lumniensis
928 3556 1036 3615 iterum
1060 3555 1256 3634 Hispalensis
1278 3559 1331 3618 illc

188 3655 273 3716 addit
289 3677 399 3715 annmn
415 3677 574 3736 magnum,
591 3676 681 3737 quem
696 3657 846 3735 posterior
860 3666 947 3717 aetas
961 3657 1094 3730 invenit,
1110 3656 1330 3720 inductionum.

188 3756 300 3819 deiude
315 3777 406 3818 aerae
421 3761 556 3818 meminit
569 3759 702 3835 Augusti
716 3758 864 3837 Hispanis
880 3760 1028 3831 usitatae,
1050 3760 1136 3818 cuius
1151 3779 1332 3821 commemo·

187 3859 264 3919 ratio
279 3880 334 3939 per
346 3868 514 3939 temporum
529 3862 662 3921 rationes
678 3861 862 3920 certissimas
878 3859 959 3940 apud
974 3859 1155 3920 Suetonium
1169 3882 1232 3922 non
1246 3874 1334 3943 pote·

188 3971 235 4021 rat
247 3962 322 4021 fieri.
355 3961 385 4019 in
401 3961 461 4020 fine
477 3960 590 4021 deinde
610 3963 719 4041 capitis
733 3960 1079 4041 turbarum·plenissimi
1097 3962 1136 4022 ad
1151 3964 1332 4042 paschalem

152 4078 158 4090 '
188 4083 336 4123 canonem
352 4061 524 4122 revertitur.
559 4061 693 4123 adhunc
709 4065 788 4124 enirn
802 4053 954 4143 pertinere
971 4061 1216 4124 observationem
1232 4066 1272 4126 de
1287 4065 1333 4125 bi·

188 4174 274 4224 sexto
307 4163 451 4223 discimus
475 4183 515 4223 ex
546 4163 690 4224 distincta
714 4165 793 4224 illius
825 4155 1047 4243 descriptione,
1077 4184 1168 4243 quam
1194 4166 1333 4226 Isidorus

189 4267 284 4343 origg.
304 4265 349 4325 VI
375 4274 405 4329 17
422 4263 523 4336 dedit,
547 4265 577 4325 in
592 4287 654 4346 qua
674 4287 733 4326 non
756 4267 852 4326 solum
869 4265 948 4325 haec
965 4275 1140 4338 recurrunt,
1168 4267 1225 4327 sed
1243 4268 1333 4329 simul

188 4366 346 4445 superiora
372 4366 425 4426 illa
447 4368 548 4446 posita
571 4375 657 4440 sunt,
686 4387 764 4447 quac
790 4377 862 4427 ante
884 4387 903 4427 a
926 4367 1120 4428 Suetonianis
1141 4368 1335 4431 secludenda
