<?xml version="1.0" encoding="UTF-8"?>
<!DOCTYPE html PUBLIC "-//W3C//DTD XHTML 1.0 Transitional//EN"
    "http://www.w3.org/TR/xhtml1/DTD/xhtml1-transitional.dtd">
<html xmlns="http://www.w3.org/1999/xhtml" xml:lang="en" lang="en">
 <head>
  <title>
</title>
<meta http-equiv="Content-Type" content="text/html;charset=utf-8" />
  <meta name='ocr-system' content='tesseract 3.04.00' />
  <meta name='ocr-capabilities' content='ocr_page ocr_carea ocr_par ocr_line ocrx_word'/>
</head>
<body>
  <div class='ocr_page' id='page_1' title='image "./csvetonitranqvi00ritsgoog_0562.png"; bbox 0 0 2964 5002; ppageno 0'>
   <div class='ocr_carea' id='block_1_1' title="bbox 489 351 1299 413">
    <p class='ocr_par' dir='ltr' id='par_1_1' title="bbox 489 351 1299 413">
     <span class='ocr_line' id='line_1_1' title="bbox 489 351 1299 413; baseline 0.002 -2"><span class='ocrx_word' id='word_1_1' title='bbox 489 373 517 411; x_wconf 84' lang='lat' dir='ltr'>r.</span> <span class='ocrx_word' id='word_1_2' title='bbox 533 371 714 413; x_wconf 82' lang='lat' dir='ltr'>nrrscuaan</span> <span class='ocrx_word' id='word_1_3' title='bbox 729 370 973 413; x_wconf 64' lang='lat' dir='ltr'>concensemus</span> <span class='ocrx_word' id='word_1_4' title='bbox 1238 351 1299 413; x_wconf 77' lang='lat'>527</span> 
     </span>
    </p>
   </div>
   <div class='ocr_carea' id='block_1_2' title="bbox 137 520 1370 3770">
    <p class='ocr_par' dir='ltr' id='par_1_2' title="bbox 164 520 1301 703">
     <span class='ocr_line' id='line_1_2' title="bbox 165 520 1301 601; baseline 0 -19"><span class='ocrx_word' id='word_1_5' title='bbox 165 523 190 583; x_wconf 86' lang='lat' dir='ltr'>ei</span> <span class='ocrx_word' id='word_1_6' title='bbox 210 521 413 601; x_wconf 79' lang='lat' dir='ltr'>praecederet</span> <span class='ocrx_word' id='word_1_7' title='bbox 433 528 538 582; x_wconf 83' lang='lat' dir='ltr'>comica</span> <span class='ocrx_word' id='word_1_8' title='bbox 552 527 648 599; x_wconf 72' lang='lat' dir='ltr'>poesis</span> <span class='ocrx_word' id='word_1_9' title='bbox 664 522 715 581; x_wconf 93' lang='lat' dir='ltr'>vel</span> <span class='ocrx_word' id='word_1_10' title='bbox 735 520 883 581; x_wconf 85' lang='lat' dir='ltr'>eiusmodi</span> <span class='ocrx_word' id='word_1_11' title='bbox 899 522 1058 601; x_wconf 81' lang='lat' dir='ltr'><strong>quiddam:</strong></span> <span class='ocrx_word' id='word_1_12' title='bbox 1089 520 1234 581; x_wconf 87' lang='lat' dir='ltr'>absonum</span> <span class='ocrx_word' id='word_1_13' title='bbox 1252 531 1301 583; x_wconf 89' lang='lat' dir='ltr'>est</span> 
     </span>
     <span class='ocr_line' id='line_1_3' title="bbox 164 624 810 703; baseline 0.002 -20"><span class='ocrx_word' id='word_1_14' title='bbox 164 634 266 683; x_wconf 89' lang='lat' dir='ltr'>auteur</span> <span class='ocrx_word' id='word_1_15' title='bbox 285 624 461 703; x_wconf 79' lang='lat' dir='ltr'>despectam</span> <span class='ocrx_word' id='word_1_16' title='bbox 476 626 577 684; x_wconf 88' lang='lat' dir='ltr'>iacere</span> <span class='ocrx_word' id='word_1_17' title='bbox 596 630 722 684; x_wconf 82' lang='lat' dir='ltr'>uirtutem</span> <span class='ocrx_word' id='word_1_18' title='bbox 740 624 810 684; x_wconf 84' lang='lat' dir='ltr'>diei.</span> 
     </span>
    </p>

    <p class='ocr_par' dir='ltr' id='par_1_3' title="bbox 137 725 1370 3770">
     <span class='ocr_line' id='line_1_4' title="bbox 247 725 1302 806; baseline -0.001 -19"><span class='ocrx_word' id='word_1_19' title='bbox 247 726 323 805; x_wconf 81' lang='lat' dir='ltr'>Peg.</span> <span class='ocrx_word' id='word_1_20' title='bbox 343 726 398 799; x_wconf 75' lang='lat'>³4,</span> <span class='ocrx_word' id='word_1_21' title='bbox 415 728 458 795; x_wconf 74' lang='lat'>,18</span> <span class='ocrx_word' id='word_1_22' title='bbox 479 747 515 786; x_wconf 87' lang='lat' dir='ltr'>oc</span> <span class='ocrx_word' id='word_1_23' title='bbox 528 730 618 798; x_wconf 72' lang='lat' dir='ltr'>rideo,</span> <span class='ocrx_word' id='word_1_24' title='bbox 638 727 721 806; x_wconf 93' lang='lat' dir='ltr'>quod</span> <span class='ocrx_word' id='word_1_25' title='bbox 736 728 828 787; x_wconf 89' lang='lat' dir='ltr'>etiam</span> <span class='ocrx_word' id='word_1_26' title='bbox 843 725 939 787; x_wconf 83' lang='lat' dir='ltr'>codex</span> <span class='ocrx_word' id='word_1_27' title='bbox 952 727 1136 804; x_wconf 87' lang='lat' dir='ltr'>Reginensis</span> <span class='ocrx_word' id='word_1_28' title='bbox 1151 727 1302 806; x_wconf 85' lang='lat' dir='ltr'>praebuit,</span> 
     </span>
     <span class='ocr_line' id='line_1_5' title="bbox 166 828 1352 910; baseline 0.003 -23"><span class='ocrx_word' id='word_1_29' title='bbox 166 848 182 887; x_wconf 94' lang='lat' dir='ltr'>e</span> <span class='ocrx_word' id='word_1_30' title='bbox 197 829 331 889; x_wconf 85' lang='lat' dir='ltr'>Parisini</span> <span class='ocrx_word' id='word_1_31' title='bbox 347 829 497 907; x_wconf 87' lang='lat' dir='ltr'>scriptura</span> <span class='ocrx_word' id='word_1_32' title='bbox 511 832 625 887; x_wconf 75' lang='lat' dir='ltr'>redoleo</span> <span class='ocrx_word' id='word_1_33' title='bbox 642 829 771 889; x_wconf 88' lang='lat' dir='ltr'>Rothius</span> <span class='ocrx_word' id='word_1_34' title='bbox 788 829 915 890; x_wconf 89' lang='lat' dir='ltr'>eruebat</span> <span class='ocrx_word' id='word_1_35' title='bbox 927 850 982 909; x_wconf 90' lang='lat' dir='ltr'>pro</span> <span class='ocrx_word' id='word_1_36' title='bbox 999 849 1034 888; x_wconf 93' lang='lat' dir='ltr'>eo</span> <span class='ocrx_word' id='word_1_37' title='bbox 1056 829 1137 910; x_wconf 90' lang='lat' dir='ltr'>quod</span> <span class='ocrx_word' id='word_1_38' title='bbox 1158 828 1301 908; x_wconf 85' lang='lat' dir='ltr'>vulgatur</span> <span class='ocrx_word' id='word_1_39' title='bbox 1342 832 1352 843; x_wconf 86' lang='grc'><em>“</em></span> 
     </span>
     <span class='ocr_line' id='line_1_6' title="bbox 166 929 1301 1012; baseline 0.003 -23"><span class='ocrx_word' id='word_1_40' title='bbox 166 940 191 989; x_wconf 83' lang='lat' dir='ltr'>tt</span> <span class='ocrx_word' id='word_1_41' title='bbox 205 932 295 988; x_wconf 77' lang='lat' dir='ltr'>doleo.</span> <span class='ocrx_word' id='word_1_42' title='bbox 335 929 398 990; x_wconf 86' lang='lat' dir='ltr'>Sed</span> <span class='ocrx_word' id='word_1_43' title='bbox 420 930 617 1010; x_wconf 78' lang='lat' dir='ltr'>acquiescere</span> <span class='ocrx_word' id='word_1_44' title='bbox 640 932 779 1009; x_wconf 87' lang='lat' dir='ltr'>profecto</span> <span class='ocrx_word' id='word_1_45' title='bbox 798 952 838 991; x_wconf 91' lang='lat' dir='ltr'>ne</span> <span class='ocrx_word' id='word_1_46' title='bbox 855 933 886 990; x_wconf 92' lang='lat' dir='ltr'>in</span> <span class='ocrx_word' id='word_1_47' title='bbox 908 932 960 990; x_wconf 89' lang='lat' dir='ltr'>illo</span> <span class='ocrx_word' id='word_1_48' title='bbox 977 931 1100 1010; x_wconf 83' lang='lat' dir='ltr'>quidem</span> <span class='ocrx_word' id='word_1_49' title='bbox 1114 933 1227 1009; x_wconf 88' lang='lat' dir='ltr'>poterit</span> <span class='ocrx_word' id='word_1_50' title='bbox 1238 932 1301 1012; x_wconf 89' lang='lat' dir='ltr'>qui,</span> 
     </span>
     <span class='ocr_line' id='line_1_7' title="bbox 166 1032 1299 1111; baseline 0.002 -21"><span class='ocrx_word' id='word_1_51' title='bbox 166 1040 355 1111; x_wconf 75' lang='lat' dir='ltr'>quantopere</span> <span class='ocrx_word' id='word_1_52' title='bbox 368 1032 535 1110; x_wconf 70' lang='lat' dir='ltr'>langueant</span> <span class='ocrx_word' id='word_1_53' title='bbox 549 1033 594 1092; x_wconf 91' lang='lat' dir='ltr'>sic</span> <span class='ocrx_word' id='word_1_54' title='bbox 609 1040 640 1091; x_wconf 87' lang='lat' dir='ltr'>ct</span> <span class='ocrx_word' id='word_1_55' title='bbox 655 1033 862 1093; x_wconf 84' lang='lat' dir='ltr'>coniunctast</span> <span class='ocrx_word' id='word_1_56' title='bbox 879 1033 1038 1092; x_wconf 87' lang='lat' dir='ltr'>conlocata</span> <span class='ocrx_word' id='word_1_57' title='bbox 1056 1051 1185 1102; x_wconf 64' lang='lat' dir='ltr'>mcccrm</span> <span class='ocrx_word' id='word_1_58' title='bbox 1201 1052 1237 1091; x_wconf 84' lang='lat' dir='ltr'>nc</span> <span class='ocrx_word' id='word_1_59' title='bbox 1251 1037 1299 1093; x_wconf 87' lang='lat' dir='ltr'>do-</span> 
     </span>
     <span class='ocr_line' id='line_1_8' title="bbox 165 1123 1370 1214; baseline 0.002 -22"><span class='ocrx_word' id='word_1_60' title='bbox 165 1138 204 1192; x_wconf 82' lang='lat' dir='ltr'>leo</span> <span class='ocrx_word' id='word_1_61' title='bbox 228 1133 380 1193; x_wconf 85' lang='lat' dir='ltr'>vocabula</span> <span class='ocrx_word' id='word_1_62' title='bbox 405 1133 456 1192; x_wconf 92' lang='lat' dir='ltr'>uni</span> <span class='ocrx_word' id='word_1_63' title='bbox 480 1135 595 1193; x_wconf 90' lang='lat' dir='ltr'>notioni</span> <span class='ocrx_word' id='word_1_64' title='bbox 620 1134 837 1208; x_wconf 79' lang='lat' dir='ltr'>inservientia,</span> <span class='ocrx_word' id='word_1_65' title='bbox 861 1155 966 1194; x_wconf 91' lang='lat' dir='ltr'>secum</span> <span class='ocrx_word' id='word_1_66' title='bbox 990 1135 1188 1214; x_wconf 85' lang='lat' dir='ltr'>reputaverit.</span> <span class='ocrx_word' id='word_1_67' title='bbox 1232 1135 1300 1195; x_wconf 80' lang='lat' dir='ltr'>Ali·</span> <span class='ocrx_word' id='word_1_68' title='bbox 1360 1123 1370 1131; x_wconf 46' lang='lat'>²</span> 
     </span>
     <span class='ocr_line' id='line_1_9' title="bbox 165 1235 1301 1317; baseline 0 -22"><span class='ocrx_word' id='word_1_69' title='bbox 165 1244 279 1317; x_wconf 89' lang='lat' dir='ltr'>quanto</span> <span class='ocrx_word' id='word_1_70' title='bbox 296 1236 364 1316; x_wconf 91' lang='lat' dir='ltr'>plus</span> <span class='ocrx_word' id='word_1_71' title='bbox 381 1237 541 1313; x_wconf 84' lang='lat' dir='ltr'>gravitatis</span> <span class='ocrx_word' id='word_1_72' title='bbox 556 1235 727 1295; x_wconf 89' lang='lat' dir='ltr'>habiturum</span> <span class='ocrx_word' id='word_1_73' title='bbox 743 1256 811 1297; x_wconf 86' lang='lat' dir='ltr'>csse</span> <span class='ocrx_word' id='word_1_74' title='bbox 827 1257 913 1296; x_wconf 80' lang='lat' dir='ltr'>cuum</span> <span class='ocrx_word' id='word_1_75' title='bbox 929 1239 982 1294; x_wconf 78' lang='lat' dir='ltr'>doc</span> <span class='ocrx_word' id='word_1_76' title='bbox 996 1254 1131 1304; x_wconf 78' lang='lat' dir='ltr'>maceror,</span> <span class='ocrx_word' id='word_1_77' title='bbox 1146 1239 1211 1295; x_wconf 80' lang='lat' dir='ltr'>ltoc</span> <span class='ocrx_word' id='word_1_78' title='bbox 1225 1241 1301 1296; x_wconf 85' lang='lat' dir='ltr'>doleo</span> 
     </span>
     <span class='ocr_line' id='line_1_10' title="bbox 167 1336 1301 1419; baseline 0 -22"><span class='ocrx_word' id='word_1_79' title='bbox 167 1336 379 1412; x_wconf 82' lang='lat' dir='ltr'>concedimus,</span> <span class='ocrx_word' id='word_1_80' title='bbox 406 1337 488 1418; x_wconf 90' lang='lat' dir='ltr'>qnod</span> <span class='ocrx_word' id='word_1_81' title='bbox 511 1337 719 1397; x_wconf 89' lang='lat' dir='ltr'>Buechclorus</span> <span class='ocrx_word' id='word_1_82' title='bbox 742 1338 944 1419; x_wconf 88' lang='lat' dir='ltr'>proponebat:</span> <span class='ocrx_word' id='word_1_83' title='bbox 983 1341 1039 1397; x_wconf 91' lang='lat' dir='ltr'>sed</span> <span class='ocrx_word' id='word_1_84' title='bbox 1059 1339 1111 1397; x_wconf 86' lang='lat' dir='ltr'>vel</span> <span class='ocrx_word' id='word_1_85' title='bbox 1131 1339 1177 1397; x_wconf 91' lang='lat' dir='ltr'>sic</span> <span class='ocrx_word' id='word_1_86' title='bbox 1199 1348 1301 1398; x_wconf 90' lang='lat' dir='ltr'>tamen</span> 
     </span>
     <span class='ocr_line' id='line_1_11' title="bbox 165 1439 1302 1519; baseline 0.001 -20"><span class='ocrx_word' id='word_1_87' title='bbox 165 1442 286 1499; x_wconf 84' lang='lat' dir='ltr'>inverso</span> <span class='ocrx_word' id='word_1_88' title='bbox 301 1440 400 1519; x_wconf 92' lang='lat' dir='ltr'>potius</span> <span class='ocrx_word' id='word_1_89' title='bbox 415 1439 522 1499; x_wconf 90' lang='lat' dir='ltr'>ordine</span> <span class='ocrx_word' id='word_1_90' title='bbox 536 1443 589 1499; x_wconf 79' lang='lat' dir='ltr'>doc</span> <span class='ocrx_word' id='word_1_91' title='bbox 606 1444 698 1513; x_wconf 85' lang='lat' dir='ltr'>doleo,</span> <span class='ocrx_word' id='word_1_92' title='bbox 714 1443 766 1501; x_wconf 82' lang='lat' dir='ltr'>doc</span> <span class='ocrx_word' id='word_1_93' title='bbox 782 1459 911 1500; x_wconf 83' lang='lat' dir='ltr'>maceror</span> <span class='ocrx_word' id='word_1_94' title='bbox 926 1441 965 1499; x_wconf 88' lang='lat' dir='ltr'>ad</span> <span class='ocrx_word' id='word_1_95' title='bbox 983 1441 1090 1500; x_wconf 83' lang='lat' dir='ltr'>fortius</span> <span class='ocrx_word' id='word_1_96' title='bbox 1105 1441 1302 1518; x_wconf 85' lang='lat' dir='ltr'>progredien-</span> 
     </span>
     <span class='ocr_line' id='line_1_12' title="bbox 137 1536 1301 1624; baseline 0 -22"><span class='ocrx_word' id='word_1_97' title='bbox 137 1536 141 1545; x_wconf 76' lang='grc'><strong>’</strong></span> <span class='ocrx_word' id='word_1_98' title='bbox 167 1541 237 1603; x_wconf 88' lang='lat' dir='ltr'>dnm</span> <span class='ocrx_word' id='word_1_99' title='bbox 262 1543 359 1602; x_wconf 86' lang='lat' dir='ltr'>fuisse</span> <span class='ocrx_word' id='word_1_100' title='bbox 384 1543 607 1620; x_wconf 82' lang='lat' dir='ltr'>intellegimus,</span> <span class='ocrx_word' id='word_1_101' title='bbox 633 1542 673 1602; x_wconf 90' lang='lat' dir='ltr'>ad</span> <span class='ocrx_word' id='word_1_102' title='bbox 693 1543 828 1624; x_wconf 88' lang='lat' dir='ltr'>aliquam</span> <span class='ocrx_word' id='word_1_103' title='bbox 848 1541 1075 1603; x_wconf 87' lang='lat' dir='ltr'>similitudinem</span> <span class='ocrx_word' id='word_1_104' title='bbox 1098 1562 1200 1601; x_wconf 87' lang='lat' dir='ltr'>eorum</span> <span class='ocrx_word' id='word_1_105' title='bbox 1221 1563 1301 1623; x_wconf 89' lang='lat' dir='ltr'>quae</span> 
     </span>
     <span class='ocr_line' id='line_1_13' title="bbox 166 1644 1304 1725; baseline 0 -22"><span class='ocrx_word' id='word_1_106' title='bbox 166 1651 234 1704; x_wconf 90' lang='lat' dir='ltr'>sunt</span> <span class='ocrx_word' id='word_1_107' title='bbox 252 1645 283 1703; x_wconf 91' lang='lat' dir='ltr'>in</span> <span class='ocrx_word' id='word_1_108' title='bbox 300 1644 438 1725; x_wconf 78' lang='lat' dir='ltr'>Captivis</span> <span class='ocrx_word' id='word_1_109' title='bbox 454 1667 484 1706; x_wconf 88' lang='lat' dir='ltr'>v.</span> <span class='ocrx_word' id='word_1_110' title='bbox 500 1654 553 1709; x_wconf 74' lang='lat'>928</span> <span class='ocrx_word' id='word_1_111' title='bbox 571 1651 639 1703; x_wconf 72' lang='lat' dir='ltr'>autu</span> <span class='ocrx_word' id='word_1_112' title='bbox 659 1651 714 1704; x_wconf 86' lang='lat' dir='ltr'>ium</span> <span class='ocrx_word' id='word_1_113' title='bbox 736 1649 812 1705; x_wconf 83' lang='lat' dir='ltr'>dolui</span> <span class='ocrx_word' id='word_1_114' title='bbox 830 1664 869 1704; x_wconf 80' lang='lat' dir='ltr'>ac</span> <span class='ocrx_word' id='word_1_115' title='bbox 888 1649 983 1702; x_wconf 82' lang='lat' dir='ltr'>unimo&#39;</span> <span class='ocrx_word' id='word_1_116' title='bbox 997 1654 1024 1702; x_wconf 86' lang='lat' dir='ltr'>et</span> <span class='ocrx_word' id='word_1_117' title='bbox 1044 1650 1201 1703; x_wconf 74' lang='lat' dir='ltr'>curreretis</span> <span class='ocrx_word' id='word_1_118' title='bbox 1221 1664 1263 1703; x_wconf 86' lang='lat' dir='ltr'>me</span> <span class='ocrx_word' id='word_1_119' title='bbox 1277 1654 1304 1703; x_wconf 81' lang='lat' dir='ltr'>ct</span> 
     </span>
     <span class='ocr_line' id='line_1_14' title="bbox 166 1745 1302 1828; baseline 0.003 -24"><span class='ocrx_word' id='word_1_120' title='bbox 166 1751 297 1807; x_wconf 80' lang='lat' dir='ltr'>lacrumis</span> <span class='ocrx_word' id='word_1_121' title='bbox 311 1752 457 1806; x_wconf 63' lang='lat' dir='ltr'>meseum</span> <span class='ocrx_word' id='word_1_122' title='bbox 476 1745 557 1826; x_wconf 89' lang='lat' dir='ltr'>(cum</span> <span class='ocrx_word' id='word_1_123' title='bbox 571 1767 631 1828; x_wconf 93' lang='lat' dir='ltr'>quo</span> <span class='ocrx_word' id='word_1_124' title='bbox 647 1768 762 1825; x_wconf 88' lang='lat' dir='ltr'>genere</span> <span class='ocrx_word' id='word_1_125' title='bbox 779 1748 908 1808; x_wconf 90' lang='lat' dir='ltr'>miscere</span> <span class='ocrx_word' id='word_1_126' title='bbox 923 1747 988 1806; x_wconf 88' lang='lat' dir='ltr'>noli</span> <span class='ocrx_word' id='word_1_127' title='bbox 1007 1746 1090 1827; x_wconf 90' lang='lat' dir='ltr'>quod</span> <span class='ocrx_word' id='word_1_128' title='bbox 1103 1765 1224 1825; x_wconf 83' lang='lat' dir='ltr'>prorsus</span> <span class='ocrx_word' id='word_1_129' title='bbox 1240 1746 1302 1807; x_wconf 89' lang='lat' dir='ltr'>dis-</span> 
     </span>
     <span class='ocr_line' id='line_1_15' title="bbox 167 1848 1303 1929; baseline -0.001 -20"><span class='ocrx_word' id='word_1_130' title='bbox 167 1850 232 1929; x_wconf 83' lang='lat' dir='ltr'>pari</span> <span class='ocrx_word' id='word_1_131' title='bbox 248 1848 486 1909; x_wconf 76' lang='lat' dir='ltr'>conformatione</span> <span class='ocrx_word' id='word_1_132' title='bbox 511 1852 729 1911; x_wconf 87' lang='lat' dir='ltr'>sententiarum</span> <span class='ocrx_word' id='word_1_133' title='bbox 747 1851 861 1920; x_wconf 84' lang='lat' dir='ltr'>dictrnn</span> <span class='ocrx_word' id='word_1_134' title='bbox 881 1860 928 1910; x_wconf 92' lang='lat' dir='ltr'>est</span> <span class='ocrx_word' id='word_1_135' title='bbox 943 1849 1062 1911; x_wconf 78' lang='lat' dir='ltr'>(listell.</span> <span class='ocrx_word' id='word_1_136' title='bbox 1083 1860 1112 1923; x_wconf 92' lang='lat'>1,</span> <span class='ocrx_word' id='word_1_137' title='bbox 1133 1860 1163 1919; x_wconf 88' lang='lat' dir='ltr'>l,</span> <span class='ocrx_word' id='word_1_138' title='bbox 1178 1857 1211 1912; x_wconf 82' lang='lat'>61</span> <span class='ocrx_word' id='word_1_139' title='bbox 1232 1854 1303 1908; x_wconf 82' lang='lat' dir='ltr'>mole</span> 
     </span>
     <span class='ocr_line' id='line_1_16' title="bbox 166 1954 1303 2026; baseline -0.001 -15"><span class='ocrx_word' id='word_1_140' title='bbox 166 1954 232 2011; x_wconf 74' lang='lat' dir='ltr'>atti</span> <span class='ocrx_word' id='word_1_141' title='bbox 245 1960 295 2026; x_wconf 75' lang='lat' dir='ltr'>eat,</span> <span class='ocrx_word' id='word_1_142' title='bbox 313 1954 385 2010; x_wconf 85' lang='lat' dir='ltr'>mole</span> <span class='ocrx_word' id='word_1_143' title='bbox 401 1969 545 2010; x_wconf 83' lang='lat' dir='ltr'>maceror.-</span> <span class='ocrx_word' id='word_1_144' title='bbox 563 1956 639 2011; x_wconf 82' lang='lat' dir='ltr'>doleo</span> <span class='ocrx_word' id='word_1_145' title='bbox 653 1957 688 2012; x_wconf 83' lang='lat' dir='ltr'>ab</span> <span class='ocrx_word' id='word_1_146' title='bbox 703 1959 804 2025; x_wconf 83' lang='lat' dir='ltr'>auimo,</span> <span class='ocrx_word' id='word_1_147' title='bbox 821 1957 898 2012; x_wconf 82' lang='lat' dir='ltr'>doleo</span> <span class='ocrx_word' id='word_1_148' title='bbox 912 1955 947 2009; x_wconf 82' lang='lat' dir='ltr'>ob</span> <span class='ocrx_word' id='word_1_149' title='bbox 962 1956 1057 2019; x_wconf 78' lang='lat' dir='ltr'>oculis,</span> <span class='ocrx_word' id='word_1_150' title='bbox 1072 1955 1149 2009; x_wconf 86' lang='lat' dir='ltr'>doleo</span> <span class='ocrx_word' id='word_1_151' title='bbox 1164 1955 1198 2008; x_wconf 82' lang='lat' dir='ltr'>ab</span> <span class='ocrx_word' id='word_1_152' title='bbox 1212 1956 1303 2026; x_wconf 74' lang='lat' dir='ltr'>uepri-</span> 
     </span>
     <span class='ocr_line' id='line_1_17' title="bbox 168 2052 1303 2134; baseline 0.001 -21"><span class='ocrx_word' id='word_1_153' title='bbox 168 2054 285 2132; x_wconf 78' lang='lat' dir='ltr'>tudiac).</span> <span class='ocrx_word' id='word_1_154' title='bbox 318 2053 416 2114; x_wconf 89' lang='lat' dir='ltr'>Recte</span> <span class='ocrx_word' id='word_1_155' title='bbox 436 2053 516 2134; x_wconf 77' lang='lat' dir='ltr'>idem</span> <span class='ocrx_word' id='word_1_156' title='bbox 530 2054 656 2115; x_wconf 87' lang='lat' dir='ltr'>Plautus</span> <span class='ocrx_word' id='word_1_157' title='bbox 678 2063 709 2113; x_wconf 87' lang='lat' dir='ltr'>et</span> <span class='ocrx_word' id='word_1_158' title='bbox 724 2056 942 2114; x_wconf 88' lang='lat' dir='ltr'>convenienter</span> <span class='ocrx_word' id='word_1_159' title='bbox 955 2052 1066 2112; x_wconf 86' lang='lat' dir='ltr'>rationi</span> <span class='ocrx_word' id='word_1_160' title='bbox 1084 2064 1187 2128; x_wconf 79' lang='lat' dir='ltr'>eqomet</span> <span class='ocrx_word' id='word_1_161' title='bbox 1199 2072 1242 2113; x_wconf 87' lang='lat' dir='ltr'>me</span> <span class='ocrx_word' id='word_1_162' title='bbox 1257 2074 1303 2114; x_wconf 90' lang='lat' dir='ltr'>co·</span> 
     </span>
     <span class='ocr_line' id='line_1_18' title="bbox 167 2156 1304 2233; baseline 0 -19"><span class='ocrx_word' id='word_1_163' title='bbox 167 2176 219 2233; x_wconf 76' lang='lat' dir='ltr'>quo</span> <span class='ocrx_word' id='word_1_164' title='bbox 233 2166 260 2215; x_wconf 83' lang='lat' dir='ltr'>ct</span> <span class='ocrx_word' id='word_1_165' title='bbox 274 2174 385 2215; x_wconf 83' lang='lat' dir='ltr'>macero</span> <span class='ocrx_word' id='word_1_166' title='bbox 400 2167 426 2214; x_wconf 84' lang='lat' dir='ltr'>et</span> <span class='ocrx_word' id='word_1_167' title='bbox 437 2158 553 2231; x_wconf 75' lang='lat' dir='ltr'>desetiqu</span> <span class='ocrx_word' id='word_1_168' title='bbox 564 2156 734 2215; x_wconf 85' lang='lat' dir='ltr'>&#39;Prinummi</span> <span class='ocrx_word' id='word_1_169' title='bbox 749 2175 777 2214; x_wconf 88' lang='lat' dir='ltr'>v.</span> <span class='ocrx_word' id='word_1_170' title='bbox 791 2165 858 2218; x_wconf 72' lang='lat'>225:</span> <span class='ocrx_word' id='word_1_171' title='bbox 878 2157 950 2214; x_wconf 91' lang='lat' dir='ltr'>item</span> <span class='ocrx_word' id='word_1_172' title='bbox 967 2162 1051 2214; x_wconf 88' lang='lat' dir='ltr'>recte</span> <span class='ocrx_word' id='word_1_173' title='bbox 1066 2158 1119 2213; x_wconf 82' lang='lat' dir='ltr'>doc</span> <span class='ocrx_word' id='word_1_174' title='bbox 1132 2174 1175 2214; x_wconf 87' lang='lat' dir='ltr'>me</span> <span class='ocrx_word' id='word_1_175' title='bbox 1189 2159 1304 2230; x_wconf 67' lang='lat' dir='ltr'>saciatur</span> 
     </span>
     <span class='ocr_line' id='line_1_19' title="bbox 168 2243 1304 2334; baseline 0.003 -16"><span class='ocrx_word' id='word_1_176' title='bbox 168 2264 296 2318; x_wconf 62' lang='lat' dir='ltr'>mamm</span> <span class='ocrx_word' id='word_1_177' title='bbox 310 2267 436 2317; x_wconf 81' lang='lat' dir='ltr'>macerat</span> <span class='ocrx_word' id='word_1_178' title='bbox 449 2274 591 2334; x_wconf 72' lang='lat' dir='ltr'>mmmqua</span> <span class='ocrx_word' id='word_1_179' title='bbox 606 2277 656 2317; x_wconf 84' lang='lat' dir='ltr'>cor</span> <span class='ocrx_word' id='word_1_180' title='bbox 673 2243 828 2332; x_wconf 79' lang='lat' dir='ltr'>corpusque</span> <span class='ocrx_word' id='word_1_181' title='bbox 844 2262 951 2314; x_wconf 85' lang='lat' dir='ltr'>cruciat</span> <span class='ocrx_word' id='word_1_182' title='bbox 967 2256 1099 2316; x_wconf 83' lang='lat' dir='ltr'>Gloriosi</span> <span class='ocrx_word' id='word_1_183' title='bbox 1117 2280 1147 2316; x_wconf 89' lang='lat' dir='ltr'>v.</span> <span class='ocrx_word' id='word_1_184' title='bbox 1162 2267 1229 2329; x_wconf 81' lang='lat'>616,</span> <span class='ocrx_word' id='word_1_185' title='bbox 1253 2259 1304 2319; x_wconf 87' lang='lat' dir='ltr'>vel</span> 
     </span>
     <span class='ocr_line' id='line_1_20' title="bbox 169 2357 1304 2438; baseline -0.004 -17"><span class='ocrx_word' id='word_1_186' title='bbox 169 2362 259 2421; x_wconf 88' lang='lat' dir='ltr'>etiarn</span> <span class='ocrx_word' id='word_1_187' title='bbox 280 2360 448 2438; x_wconf 87' lang='lat' dir='ltr'>simplicius</span> <span class='ocrx_word' id='word_1_188' title='bbox 471 2369 503 2420; x_wconf 92' lang='lat' dir='ltr'>et</span> <span class='ocrx_word' id='word_1_189' title='bbox 526 2361 677 2419; x_wconf 89' lang='lat' dir='ltr'>contrario</span> <span class='ocrx_word' id='word_1_190' title='bbox 697 2357 803 2418; x_wconf 88' lang='lat' dir='ltr'>ordine</span> <span class='ocrx_word' id='word_1_191' title='bbox 821 2357 984 2418; x_wconf 80' lang='lat' dir='ltr'>Terentius</span> <span class='ocrx_word' id='word_1_192' title='bbox 1009 2359 1041 2416; x_wconf 93' lang='lat' dir='ltr'>in</span> <span class='ocrx_word' id='word_1_193' title='bbox 1062 2357 1183 2416; x_wconf 82' lang='lat' dir='ltr'>Andria</span> <span class='ocrx_word' id='word_1_194' title='bbox 1202 2381 1231 2419; x_wconf 86' lang='lat' dir='ltr'>v.</span> <span class='ocrx_word' id='word_1_195' title='bbox 1251 2368 1304 2424; x_wconf 81' lang='grc'>886</span> 
     </span>
     <span class='ocr_line' id='line_1_21' title="bbox 168 2458 1306 2540; baseline -0.002 -20"><span class='ocrx_word' id='word_1_196' title='bbox 168 2482 238 2539; x_wconf 83' lang='lat' dir='ltr'>quor</span> <span class='ocrx_word' id='word_1_197' title='bbox 251 2480 295 2521; x_wconf 85' lang='lat' dir='ltr'>me</span> <span class='ocrx_word' id='word_1_198' title='bbox 309 2467 464 2521; x_wconf 58' lang='lat' dir='ltr'>anemio?</span> <span class='ocrx_word' id='word_1_199' title='bbox 484 2482 556 2538; x_wconf 81' lang='lat' dir='ltr'>quor</span> <span class='ocrx_word' id='word_1_200' title='bbox 573 2473 776 2521; x_wconf 68' lang='lat' dir='ltr'>mensuraret:</span> <span class='ocrx_word' id='word_1_201' title='bbox 799 2482 868 2521; x_wconf 90' lang='lat' dir='ltr'>nam</span> <span class='ocrx_word' id='word_1_202' title='bbox 891 2460 946 2519; x_wconf 84' lang='lat' dir='ltr'>hae</span> <span class='ocrx_word' id='word_1_203' title='bbox 968 2458 1090 2540; x_wconf 87' lang='lat' dir='ltr'>quidem</span> <span class='ocrx_word' id='word_1_204' title='bbox 1110 2461 1249 2519; x_wconf 84' lang='lat' dir='ltr'>notiones</span> <span class='ocrx_word' id='word_1_205' title='bbox 1270 2467 1306 2518; x_wconf 87' lang='lat' dir='ltr'>ut</span> 
     </span>
     <span class='ocr_line' id='line_1_22' title="bbox 170 2562 1304 2644; baseline -0.003 -20"><span class='ocrx_word' id='word_1_206' title='bbox 170 2563 437 2644; x_wconf 78' lang='lat' dir='ltr'>dispari&#39;origine,</span> <span class='ocrx_word' id='word_1_207' title='bbox 467 2565 510 2623; x_wconf 84' lang='lat' dir='ltr'>ita</span> <span class='ocrx_word' id='word_1_208' title='bbox 530 2565 598 2643; x_wconf 83' lang='lat' dir='ltr'>pari</span> <span class='ocrx_word' id='word_1_209' title='bbox 618 2564 696 2624; x_wconf 91' lang='lat' dir='ltr'>iuter</span> <span class='ocrx_word' id='word_1_210' title='bbox 716 2585 751 2624; x_wconf 88' lang='lat' dir='ltr'>se</span> <span class='ocrx_word' id='word_1_211' title='bbox 772 2563 924 2641; x_wconf 87' lang='lat' dir='ltr'>gravitate</span> <span class='ocrx_word' id='word_1_212' title='bbox 946 2583 1016 2622; x_wconf 89' lang='lat' dir='ltr'>esee</span> <span class='ocrx_word' id='word_1_213' title='bbox 1036 2562 1168 2621; x_wconf 90' lang='lat' dir='ltr'>omnium</span> <span class='ocrx_word' id='word_1_214' title='bbox 1192 2563 1304 2640; x_wconf 89' lang='lat' dir='ltr'>optime</span> 
     </span>
     <span class='ocr_line' id='line_1_23' title="bbox 171 2665 1303 2745; baseline -0.003 -20"><span class='ocrx_word' id='word_1_215' title='bbox 171 2665 300 2726; x_wconf 85' lang='lat' dir='ltr'>Casiuae</span> <span class='ocrx_word' id='word_1_216' title='bbox 315 2686 421 2727; x_wconf 87' lang='lat' dir='ltr'>versus</span> <span class='ocrx_word' id='word_1_217' title='bbox 436 2665 526 2725; x_wconf 90' lang='lat' dir='ltr'>docet</span> <span class='ocrx_word' id='word_1_218' title='bbox 541 2678 584 2745; x_wconf 86' lang='lat'>11,</span> <span class='ocrx_word' id='word_1_219' title='bbox 600 2676 632 2739; x_wconf 83' lang='grc'>8,</span> <span class='ocrx_word' id='word_1_220' title='bbox 647 2677 664 2730; x_wconf 85' lang='grc'>9</span> <span class='ocrx_word' id='word_1_221' title='bbox 684 2671 795 2726; x_wconf 81' lang='lat' dir='ltr'>illorum</span> <span class='ocrx_word' id='word_1_222' title='bbox 812 2684 855 2725; x_wconf 87' lang='lat' dir='ltr'>mc</span> <span class='ocrx_word' id='word_1_223' title='bbox 867 2669 938 2723; x_wconf 80' lang='lat' dir='ltr'>ulter</span> <span class='ocrx_word' id='word_1_224' title='bbox 951 2669 1071 2737; x_wconf 74' lang='lat' dir='ltr'>cresim,</span> <span class='ocrx_word' id='word_1_225' title='bbox 1086 2669 1155 2722; x_wconf 79' lang='lat' dir='ltr'>alter</span> <span class='ocrx_word' id='word_1_226' title='bbox 1171 2673 1303 2722; x_wconf 82' lang='lat' dir='ltr'>maceret.</span> 
     </span>
     <span class='ocr_line' id='line_1_24' title="bbox 169 2765 1303 2848; baseline -0.005 -19"><span class='ocrx_word' id='word_1_227' title='bbox 169 2768 209 2829; x_wconf 86' lang='lat' dir='ltr'>Vt</span> <span class='ocrx_word' id='word_1_228' title='bbox 223 2790 284 2828; x_wconf 90' lang='lat' dir='ltr'>non</span> <span class='ocrx_word' id='word_1_229' title='bbox 298 2770 390 2828; x_wconf 87' lang='lat' dir='ltr'>mirer</span> <span class='ocrx_word' id='word_1_230' title='bbox 404 2770 430 2829; x_wconf 89' lang='lat' dir='ltr'>si</span> <span class='ocrx_word' id='word_1_231' title='bbox 448 2770 516 2848; x_wconf 90' lang='lat' dir='ltr'>quis</span> <span class='ocrx_word' id='word_1_232' title='bbox 532 2768 613 2847; x_wconf 89' lang='lat' dir='ltr'>apud</span> <span class='ocrx_word' id='word_1_233' title='bbox 625 2769 810 2848; x_wconf 28' lang='lat' dir='ltr'>„Suetonium</span> <span class='ocrx_word' id='word_1_234' title='bbox 829 2767 964 2828; x_wconf 89' lang='lat' dir='ltr'>secundo</span> <span class='ocrx_word' id='word_1_235' title='bbox 980 2768 1047 2827; x_wconf 89' lang='lat' dir='ltr'>loco</span> <span class='ocrx_word' id='word_1_236' title='bbox 1066 2767 1197 2847; x_wconf 89' lang='lat' dir='ltr'>positum</span> <span class='ocrx_word' id='word_1_237' title='bbox 1210 2765 1303 2824; x_wconf 91' lang='lat' dir='ltr'>multo</span> 
     </span>
     <span class='ocr_line' id='line_1_25' title="bbox 170 2870 1304 2951; baseline -0.003 -21"><span class='ocrx_word' id='word_1_238' title='bbox 170 2870 279 2930; x_wconf 81' lang='lat' dir='ltr'>exilius</span> <span class='ocrx_word' id='word_1_239' title='bbox 294 2873 371 2929; x_wconf 86' lang='lat' dir='ltr'>doleo</span> <span class='ocrx_word' id='word_1_240' title='bbox 386 2871 512 2931; x_wconf 87' lang='lat' dir='ltr'>verbum</span> <span class='ocrx_word' id='word_1_241' title='bbox 527 2891 566 2930; x_wconf 81' lang='lat' dir='ltr'>ex</span> <span class='ocrx_word' id='word_1_242' title='bbox 581 2873 849 2951; x_wconf 85' lang='lat' dir='ltr'>interpretamento</span> <span class='ocrx_word' id='word_1_243' title='bbox 862 2880 1003 2950; x_wconf 88' lang='lat' dir='ltr'>repetere</span> <span class='ocrx_word' id='word_1_244' title='bbox 1021 2871 1206 2951; x_wconf 78' lang='lat' dir='ltr'>Caesarique</span> <span class='ocrx_word' id='word_1_245' title='bbox 1220 2888 1304 2927; x_wconf 83' lang='lat' dir='ltr'>uuum</span> 
     </span>
     <span class='ocr_line' id='line_1_26' title="bbox 169 2973 1304 3041; baseline -0.003 -9"><span class='ocrx_word' id='word_1_246' title='bbox 169 2974 219 3032; x_wconf 73' lang='lat' dir='ltr'>doc</span> <span class='ocrx_word' id='word_1_247' title='bbox 233 2991 369 3041; x_wconf 80' lang='lat' dir='ltr'>maceror,</span> <span class='ocrx_word' id='word_1_248' title='bbox 385 2977 437 3032; x_wconf 81' lang='lat' dir='ltr'>doc</span> <span class='ocrx_word' id='word_1_249' title='bbox 450 2979 563 3031; x_wconf 85' lang='lat' dir='ltr'>crucior</span> <span class='ocrx_word' id='word_1_250' title='bbox 580 2973 714 3034; x_wconf 84' lang='lat' dir='ltr'>tribucre</span> <span class='ocrx_word' id='word_1_251' title='bbox 732 2975 865 3033; x_wconf 89' lang='lat' dir='ltr'>animum</span> <span class='ocrx_word' id='word_1_252' title='bbox 878 2973 1012 3033; x_wconf 87' lang='lat' dir='ltr'>inducat.</span> <span class='ocrx_word' id='word_1_253' title='bbox 1034 2974 1148 3034; x_wconf 88' lang='lat' dir='ltr'>Verum</span> <span class='ocrx_word' id='word_1_254' title='bbox 1163 2973 1189 3031; x_wconf 88' lang='lat' dir='ltr'>ia</span> <span class='ocrx_word' id='word_1_255' title='bbox 1203 2982 1304 3031; x_wconf 89' lang='lat' dir='ltr'>tamen</span> 
     </span>
     <span class='ocr_line' id='line_1_27' title="bbox 170 3074 1306 3159; baseline 0 -26"><span class='ocrx_word' id='word_1_256' title='bbox 170 3075 220 3134; x_wconf 81' lang='lat' dir='ltr'>vix</span> <span class='ocrx_word' id='word_1_257' title='bbox 237 3074 363 3134; x_wconf 91' lang='lat' dir='ltr'>habebit</span> <span class='ocrx_word' id='word_1_258' title='bbox 383 3096 436 3135; x_wconf 90' lang='lat' dir='ltr'>cnr</span> <span class='ocrx_word' id='word_1_259' title='bbox 453 3076 537 3135; x_wconf 91' lang='lat' dir='ltr'>illum</span> <span class='ocrx_word' id='word_1_260' title='bbox 554 3084 639 3135; x_wconf 88' lang='lat' dir='ltr'>tanto</span> <span class='ocrx_word' id='word_1_261' title='bbox 656 3077 747 3135; x_wconf 90' lang='lat' dir='ltr'>animi</span> <span class='ocrx_word' id='word_1_262' title='bbox 760 3078 871 3136; x_wconf 86' lang='lat' dir='ltr'>affectu</span> <span class='ocrx_word' id='word_1_263' title='bbox 884 3086 1008 3156; x_wconf 88' lang='lat' dir='ltr'>temque</span> <span class='ocrx_word' id='word_1_264' title='bbox 1024 3077 1177 3159; x_wconf 80' lang='lat' dir='ltr'>concitato</span> <span class='ocrx_word' id='word_1_265' title='bbox 1191 3093 1306 3152; x_wconf 91' lang='lat' dir='ltr'>genere</span> 
     </span>
     <span class='ocr_line' id='line_1_28' title="bbox 169 3175 1306 3259; baseline 0.002 -25"><span class='ocrx_word' id='word_1_266' title='bbox 169 3175 313 3258; x_wconf 89' lang='lat' dir='ltr'>loquendi</span> <span class='ocrx_word' id='word_1_267' title='bbox 324 3198 411 3237; x_wconf 90' lang='lat' dir='ltr'>usum</span> <span class='ocrx_word' id='word_1_268' title='bbox 424 3198 490 3239; x_wconf 87' lang='lat' dir='ltr'>esee</span> <span class='ocrx_word' id='word_1_269' title='bbox 503 3180 534 3239; x_wconf 90' lang='lat' dir='ltr'>iu</span> <span class='ocrx_word' id='word_1_270' title='bbox 548 3187 609 3238; x_wconf 90' lang='lat' dir='ltr'>tam</span> <span class='ocrx_word' id='word_1_271' title='bbox 622 3179 686 3238; x_wconf 91' lang='lat' dir='ltr'>leni</span> <span class='ocrx_word' id='word_1_272' title='bbox 701 3189 732 3239; x_wconf 88' lang='lat' dir='ltr'>et</span> <span class='ocrx_word' id='word_1_273' title='bbox 746 3179 875 3259; x_wconf 86' lang='lat' dir='ltr'>simplici</span> <span class='ocrx_word' id='word_1_274' title='bbox 893 3200 1002 3239; x_wconf 87' lang='lat' dir='ltr'>caussa</span> <span class='ocrx_word' id='word_1_275' title='bbox 1014 3178 1105 3238; x_wconf 89' lang='lat' dir='ltr'>dicat.</span> <span class='ocrx_word' id='word_1_276' title='bbox 1128 3179 1158 3236; x_wconf 89' lang='lat' dir='ltr'>N</span> <span class='ocrx_word' id='word_1_277' title='bbox 1159 3198 1207 3236; x_wconf 92' lang='lat' dir='ltr'>am</span> <span class='ocrx_word' id='word_1_278' title='bbox 1219 3189 1253 3237; x_wconf 92' lang='lat' dir='ltr'>ut</span> <span class='ocrx_word' id='word_1_279' title='bbox 1267 3177 1306 3236; x_wconf 90' lang='lat' dir='ltr'>ad</span> 
     </span>
     <span class='ocr_line' id='line_1_29' title="bbox 169 3280 1306 3361; baseline -0.001 -23"><span class='ocrx_word' id='word_1_280' title='bbox 169 3280 324 3358; x_wconf 80' lang='lat' dir='ltr'>perfectae</span> <span class='ocrx_word' id='word_1_281' title='bbox 347 3281 419 3341; x_wconf 86' lang='lat' dir='ltr'>artis</span> <span class='ocrx_word' id='word_1_282' title='bbox 441 3289 473 3340; x_wconf 89' lang='lat' dir='ltr'>et</span> <span class='ocrx_word' id='word_1_283' title='bbox 490 3281 698 3360; x_wconf 86' lang='lat' dir='ltr'>praestantiae</span> <span class='ocrx_word' id='word_1_284' title='bbox 721 3282 877 3359; x_wconf 86' lang='lat' dir='ltr'>exemplar</span> <span class='ocrx_word' id='word_1_285' title='bbox 897 3281 1014 3361; x_wconf 87' lang='lat' dir='ltr'>aliquid</span> <span class='ocrx_word' id='word_1_286' title='bbox 1034 3281 1144 3342; x_wconf 88' lang='lat' dir='ltr'>deesse</span> <span class='ocrx_word' id='word_1_287' title='bbox 1159 3281 1306 3340; x_wconf 79' lang='lat' dir='ltr'>Terentio</span> 
     </span>
     <span class='ocr_line' id='line_1_30' title="bbox 170 3380 1306 3464; baseline 0.004 -25"><span class='ocrx_word' id='word_1_288' title='bbox 170 3380 369 3457; x_wconf 87' lang='lat' dir='ltr'>indicaretur,</span> <span class='ocrx_word' id='word_1_289' title='bbox 388 3384 438 3442; x_wconf 86' lang='lat' dir='ltr'>vel</span> <span class='ocrx_word' id='word_1_290' title='bbox 456 3403 541 3441; x_wconf 78' lang='lat' dir='ltr'>utrum</span> <span class='ocrx_word' id='word_1_291' title='bbox 556 3386 609 3442; x_wconf 82' lang='lat' dir='ltr'>doc</span> <span class='ocrx_word' id='word_1_292' title='bbox 632 3387 709 3442; x_wconf 81' lang='lat' dir='ltr'>doleo</span> <span class='ocrx_word' id='word_1_293' title='bbox 731 3382 792 3444; x_wconf 90' lang='lat' dir='ltr'>dici</span> <span class='ocrx_word' id='word_1_294' title='bbox 807 3385 883 3453; x_wconf 83' lang='lat' dir='ltr'>satis</span> <span class='ocrx_word' id='word_1_295' title='bbox 901 3394 980 3445; x_wconf 88' lang='lat' dir='ltr'>erat:</span> <span class='ocrx_word' id='word_1_296' title='bbox 1003 3385 1103 3464; x_wconf 90' lang='lat' dir='ltr'>potuit</span> <span class='ocrx_word' id='word_1_297' title='bbox 1117 3383 1198 3442; x_wconf 91' lang='lat' dir='ltr'>haud</span> <span class='ocrx_word' id='word_1_298' title='bbox 1215 3382 1306 3443; x_wconf 88' lang='lat' dir='ltr'>dubie</span> 
     </span>
     <span class='ocr_line' id='line_1_31' title="bbox 170 3483 1305 3564; baseline 0.002 -21"><span class='ocrx_word' id='word_1_299' title='bbox 170 3483 323 3564; x_wconf 88' lang='lat' dir='ltr'>aliquanto</span> <span class='ocrx_word' id='word_1_300' title='bbox 341 3485 449 3544; x_wconf 87' lang='lat' dir='ltr'>fortius</span> <span class='ocrx_word' id='word_1_301' title='bbox 466 3487 558 3545; x_wconf 90' lang='lat' dir='ltr'>etiam</span> <span class='ocrx_word' id='word_1_302' title='bbox 573 3506 657 3545; x_wconf 73' lang='lat' dir='ltr'>entim</span> <span class='ocrx_word' id='word_1_303' title='bbox 668 3488 721 3545; x_wconf 76' lang='lat' dir='ltr'>doc</span> <span class='ocrx_word' id='word_1_304' title='bbox 731 3504 858 3545; x_wconf 81' lang='lat' dir='ltr'>maceror</span> <span class='ocrx_word' id='word_1_305' title='bbox 872 3487 924 3547; x_wconf 92' lang='lat' dir='ltr'>vel</span> <span class='ocrx_word' id='word_1_306' title='bbox 940 3507 1026 3544; x_wconf 86' lang='lat' dir='ltr'>uuum</span> <span class='ocrx_word' id='word_1_307' title='bbox 1037 3489 1089 3545; x_wconf 77' lang='lat' dir='ltr'>hoc</span> <span class='ocrx_word' id='word_1_308' title='bbox 1104 3492 1215 3545; x_wconf 82' lang='lat' dir='ltr'>crucior</span> <span class='ocrx_word' id='word_1_309' title='bbox 1230 3484 1305 3545; x_wconf 88' lang='lat' dir='ltr'>dioi:</span> 
     </span>
     <span class='ocr_line' id='line_1_32' title="bbox 171 3584 1306 3669; baseline 0.001 -25"><span class='ocrx_word' id='word_1_310' title='bbox 171 3584 224 3645; x_wconf 84' lang='lat' dir='ltr'>s⁰ed</span> <span class='ocrx_word' id='word_1_311' title='bbox 238 3586 363 3646; x_wconf 89' lang='lat' dir='ltr'>nimium</span> <span class='ocrx_word' id='word_1_312' title='bbox 379 3596 445 3647; x_wconf 89' lang='lat' dir='ltr'>erat</span> <span class='ocrx_word' id='word_1_313' title='bbox 458 3587 597 3667; x_wconf 87' lang='lat' dir='ltr'>profecto</span> <span class='ocrx_word' id='word_1_314' title='bbox 618 3597 649 3647; x_wconf 91' lang='lat' dir='ltr'>et</span> <span class='ocrx_word' id='word_1_315' title='bbox 664 3608 760 3669; x_wconf 90' lang='lat' dir='ltr'>prope</span> <span class='ocrx_word' id='word_1_316' title='bbox 777 3587 918 3667; x_wconf 87' lang='lat' dir='ltr'>putidum</span> <span class='ocrx_word' id='word_1_317' title='bbox 934 3588 985 3649; x_wconf 90' lang='lat' dir='ltr'>vel</span> <span class='ocrx_word' id='word_1_318' title='bbox 1004 3592 1162 3657; x_wconf 77' lang='lat' dir='ltr'>daedaleo,</span> <span class='ocrx_word' id='word_1_319' title='bbox 1180 3591 1232 3647; x_wconf 81' lang='lat' dir='ltr'>lroc</span> <span class='ocrx_word' id='word_1_320' title='bbox 1246 3609 1306 3645; x_wconf 87' lang='lat' dir='ltr'>mo-</span> 
     </span>
     <span class='ocr_line' id='line_1_33' title="bbox 170 3689 1306 3770; baseline 0.001 -23"><span class='ocrx_word' id='word_1_321' title='bbox 170 3707 251 3749; x_wconf 83' lang='lat' dir='ltr'>cercr</span> <span class='ocrx_word' id='word_1_322' title='bbox 264 3689 315 3749; x_wconf 89' lang='lat' dir='ltr'>vel</span> <span class='ocrx_word' id='word_1_323' title='bbox 330 3689 408 3750; x_wconf 90' lang='lat' dir='ltr'>adeo</span> <span class='ocrx_word' id='word_1_324' title='bbox 423 3693 476 3748; x_wconf 77' lang='lat' dir='ltr'>ltoc</span> <span class='ocrx_word' id='word_1_325' title='bbox 496 3709 632 3763; x_wconf 80' lang='lat' dir='ltr'>morerer,</span> <span class='ocrx_word' id='word_1_326' title='bbox 647 3694 699 3749; x_wconf 79' lang='lat' dir='ltr'>doc</span> <span class='ocrx_word' id='word_1_327' title='bbox 720 3696 839 3752; x_wconf 83' lang='lat' dir='ltr'>crucior.</span> <span class='ocrx_word' id='word_1_328' title='bbox 884 3693 966 3770; x_wconf 84' lang='lat' dir='ltr'>Ergo</span> <span class='ocrx_word' id='word_1_329' title='bbox 989 3712 1025 3750; x_wconf 92' lang='lat' dir='ltr'>eo</span> <span class='ocrx_word' id='word_1_330' title='bbox 1041 3691 1177 3750; x_wconf 90' lang='lat' dir='ltr'>ducimur</span> <span class='ocrx_word' id='word_1_331' title='bbox 1197 3700 1229 3749; x_wconf 84' lang='lat' dir='ltr'>ut</span> <span class='ocrx_word' id='word_1_332' title='bbox 1249 3689 1306 3749; x_wconf 82' lang='lat' dir='ltr'>sal·</span> 
     </span>
    </p>
   </div>
   <div class='ocr_carea' id='block_1_3' title="bbox 170 3783 1405 3874">
    <p class='ocr_par' dir='ltr' id='par_1_4' title="bbox 170 3783 1405 3874">
     <span class='ocr_line' id='line_1_34' title="bbox 170 3783 1405 3874; baseline -0.002 -26"><span class='ocrx_word' id='word_1_333' title='bbox 170 3789 234 3851; x_wconf 91' lang='lat' dir='ltr'>lere</span> <span class='ocrx_word' id='word_1_334' title='bbox 260 3789 346 3850; x_wconf 81' lang='lat' dir='ltr'>verbi</span> <span class='ocrx_word' id='word_1_335' title='bbox 375 3792 404 3854; x_wconf 93' lang='lat' dir='ltr'>h.</span> <span class='ocrx_word' id='word_1_336' title='bbox 434 3811 461 3852; x_wconf 87' lang='lat' dir='ltr'>c.</span> <span class='ocrx_word' id='word_1_337' title='bbox 489 3783 619 3869; x_wconf 72' lang='grc' dir='ltr'><strong><em>ῥήματος</em></strong></span> <span class='ocrx_word' id='word_1_338' title='bbox 648 3795 784 3872; x_wconf 91' lang='lat' dir='ltr'>speciem</span> <span class='ocrx_word' id='word_1_339' title='bbox 811 3795 1069 3874; x_wconf 87' lang='lat' dir='ltr'>persentiscamus</span> <span class='ocrx_word' id='word_1_340' title='bbox 1104 3802 1195 3873; x_wconf 88' lang='lat' dir='ltr'>atque</span> <span class='ocrx_word' id='word_1_341' title='bbox 1223 3790 1307 3852; x_wconf 90' lang='lat' dir='ltr'>aliud</span> <span class='ocrx_word' id='word_1_342' title='bbox 1391 3821 1405 3846; x_wconf 60' lang='grc' dir='ltr'><strong><em>ι</em></strong></span> 
     </span>
    </p>
   </div>
   <div class='ocr_carea' id='block_1_4' title="bbox 171 3892 1307 4486">
    <p class='ocr_par' dir='ltr' id='par_1_5' title="bbox 171 3892 1307 4486">
     <span class='ocr_line' id='line_1_35' title="bbox 171 3892 1306 3977; baseline 0 -25"><span class='ocrx_word' id='word_1_343' title='bbox 171 3892 315 3972; x_wconf 88' lang='lat' dir='ltr'>quiddam</span> <span class='ocrx_word' id='word_1_344' title='bbox 339 3893 436 3954; x_wconf 88' lang='lat' dir='ltr'>latere</span> <span class='ocrx_word' id='word_1_345' title='bbox 464 3895 495 3954; x_wconf 91' lang='lat' dir='ltr'>in</span> <span class='ocrx_word' id='word_1_346' title='bbox 517 3897 663 3956; x_wconf 88' lang='lat' dir='ltr'>memoria</span> <span class='ocrx_word' id='word_1_347' title='bbox 685 3895 831 3956; x_wconf 89' lang='lat' dir='ltr'>librorum</span> <span class='ocrx_word' id='word_1_348' title='bbox 860 3899 1069 3977; x_wconf 62' lang='lat' dir='ltr'>suspicemur:</span> <span class='ocrx_word' id='word_1_349' title='bbox 1100 3895 1217 3974; x_wconf 79' lang='lat' dir='ltr'>Quodsi</span> <span class='ocrx_word' id='word_1_350' title='bbox 1238 3895 1306 3975; x_wconf 88' lang='lat' dir='ltr'>quis</span> 
     </span>
     <span class='ocr_line' id='line_1_36' title="bbox 172 3993 1307 4078; baseline 0.002 -25"><span class='ocrx_word' id='word_1_351' title='bbox 172 3993 209 4055; x_wconf 89' lang='lat' dir='ltr'>de</span> <span class='ocrx_word' id='word_1_352' title='bbox 234 3994 347 4055; x_wconf 84' lang='lat' dir='ltr'>talibus</span> <span class='ocrx_word' id='word_1_353' title='bbox 379 3999 509 4075; x_wconf 83' lang='lat' dir='ltr'>cogitet,</span> <span class='ocrx_word' id='word_1_354' title='bbox 543 3999 646 4078; x_wconf 86' lang='lat' dir='ltr'>qualia</span> <span class='ocrx_word' id='word_1_355' title='bbox 679 3999 782 4058; x_wconf 88' lang='lat' dir='ltr'>futura</span> <span class='ocrx_word' id='word_1_356' title='bbox 809 4000 870 4059; x_wconf 86' lang='lat' dir='ltr'>siut</span> <span class='ocrx_word' id='word_1_357' title='bbox 897 4019 983 4057; x_wconf 79' lang='lat' dir='ltr'>unum</span> <span class='ocrx_word' id='word_1_358' title='bbox 1008 4002 1060 4059; x_wconf 80' lang='lat' dir='ltr'>hoc</span> <span class='ocrx_word' id='word_1_359' title='bbox 1085 4017 1225 4067; x_wconf 77' lang='lat' dir='ltr'>maceror,</span> <span class='ocrx_word' id='word_1_360' title='bbox 1255 4000 1307 4055; x_wconf 81' lang='lat' dir='ltr'>doc</span> 
     </span>
     <span class='ocr_line' id='line_1_37' title="bbox 171 4099 1305 4183; baseline 0 -27"><span class='ocrx_word' id='word_1_361' title='bbox 171 4099 247 4156; x_wconf 86' lang='lat' dir='ltr'>ducto</span> <span class='ocrx_word' id='word_1_362' title='bbox 261 4101 308 4155; x_wconf 81' lang='lat' dir='ltr'>tili</span> <span class='ocrx_word' id='word_1_363' title='bbox 323 4131 382 4169; x_wconf 90' lang='lat'>—‚</span> <span class='ocrx_word' id='word_1_364' title='bbox 406 4100 456 4159; x_wconf 86' lang='lat' dir='ltr'>vel</span> <span class='ocrx_word' id='word_1_365' title='bbox 477 4103 528 4159; x_wconf 80' lang='lat' dir='ltr'>doc</span> <span class='ocrx_word' id='word_1_366' title='bbox 549 4105 632 4172; x_wconf 83' lang='lat' dir='ltr'>lecto,</span> <span class='ocrx_word' id='word_1_367' title='bbox 655 4101 706 4159; x_wconf 87' lang='lat' dir='ltr'>vel</span> <span class='ocrx_word' id='word_1_368' title='bbox 723 4103 774 4159; x_wconf 81' lang='lat' dir='ltr'>doc</span> <span class='ocrx_word' id='word_1_369' title='bbox 790 4104 877 4172; x_wconf 85' lang='lat' dir='ltr'>dulci,</span> <span class='ocrx_word' id='word_1_370' title='bbox 900 4112 931 4160; x_wconf 91' lang='lat' dir='ltr'>et</span> <span class='ocrx_word' id='word_1_371' title='bbox 951 4104 977 4160; x_wconf 92' lang='lat' dir='ltr'>si</span> <span class='ocrx_word' id='word_1_372' title='bbox 997 4121 1077 4183; x_wconf 88' lang='lat' dir='ltr'>quac</span> <span class='ocrx_word' id='word_1_373' title='bbox 1094 4111 1164 4160; x_wconf 85' lang='lat' dir='ltr'>suut</span> <span class='ocrx_word' id='word_1_374' title='bbox 1179 4099 1305 4170; x_wconf 84' lang='lat' dir='ltr'>similia,</span> 
     </span>
     <span class='ocr_line' id='line_1_38' title="bbox 172 4195 1306 4284; baseline 0.002 -28"><span class='ocrx_word' id='word_1_375' title='bbox 172 4195 247 4260; x_wconf 86' lang='lat' dir='ltr'>haec</span> <span class='ocrx_word' id='word_1_376' title='bbox 273 4209 374 4261; x_wconf 91' lang='lat' dir='ltr'>tamen</span> <span class='ocrx_word' id='word_1_377' title='bbox 400 4203 500 4261; x_wconf 89' lang='lat' dir='ltr'>omnia</span> <span class='ocrx_word' id='word_1_378' title='bbox 525 4203 587 4262; x_wconf 91' lang='lat' dir='ltr'>suis</span> <span class='ocrx_word' id='word_1_379' title='bbox 608 4203 731 4280; x_wconf 87' lang='lat' dir='ltr'>singula</span> <span class='ocrx_word' id='word_1_380' title='bbox 747 4202 947 4263; x_wconf 89' lang='lat' dir='ltr'>incommodis</span> <span class='ocrx_word' id='word_1_381' title='bbox 969 4205 1139 4284; x_wconf 73' lang='lat' dir='ltr'>eisquesat</span> <span class='ocrx_word' id='word_1_382' title='bbox 1162 4199 1306 4277; x_wconf 86' lang='lat' dir='ltr'>gravibus</span> 
     </span>
     <span class='ocr_line' id='line_1_39' title="bbox 172 4298 1305 4385; baseline 0.003 -29"><span class='ocrx_word' id='word_1_383' title='bbox 172 4298 310 4362; x_wconf 89' lang='lat' dir='ltr'>laborare</span> <span class='ocrx_word' id='word_1_384' title='bbox 337 4304 428 4364; x_wconf 90' lang='lat' dir='ltr'>facile</span> <span class='ocrx_word' id='word_1_385' title='bbox 456 4305 648 4385; x_wconf 87' lang='lat' dir='ltr'>perspicitur.</span> <span class='ocrx_word' id='word_1_386' title='bbox 693 4306 761 4365; x_wconf 84' lang='lat' dir='ltr'>Nec</span> <span class='ocrx_word' id='word_1_387' title='bbox 786 4304 1028 4365; x_wconf 88' lang='lat' dir='ltr'>obliviscendum</span> <span class='ocrx_word' id='word_1_388' title='bbox 1054 4307 1094 4365; x_wconf 88' lang='lat' dir='ltr'>ad</span> <span class='ocrx_word' id='word_1_389' title='bbox 1118 4308 1170 4363; x_wconf 81' lang='lat' dir='ltr'>dcc</span> <span class='ocrx_word' id='word_1_390' title='bbox 1197 4322 1305 4381; x_wconf 90' lang='lat' dir='ltr'>pruno-</span> 
     </span>
     <span class='ocr_line' id='line_1_40' title="bbox 173 4405 1306 4486; baseline 0.002 -24"><span class='ocrx_word' id='word_1_391' title='bbox 173 4420 240 4463; x_wconf 82' lang='lat' dir='ltr'>uron</span> <span class='ocrx_word' id='word_1_392' title='bbox 272 4426 328 4464; x_wconf 91' lang='lat' dir='ltr'>nos</span> <span class='ocrx_word' id='word_1_393' title='bbox 360 4405 503 4486; x_wconf 88' lang='lat' dir='ltr'>delapsos</span> <span class='ocrx_word' id='word_1_394' title='bbox 530 4406 569 4466; x_wconf 88' lang='lat' dir='ltr'>ab</span> <span class='ocrx_word' id='word_1_395' title='bbox 598 4429 635 4468; x_wconf 94' lang='lat' dir='ltr'>eo</span> <span class='ocrx_word' id='word_1_396' title='bbox 665 4428 789 4486; x_wconf 90' lang='lat' dir='ltr'>prorsus</span> <span class='ocrx_word' id='word_1_397' title='bbox 815 4407 972 4469; x_wconf 86' lang='lat' dir='ltr'>aberrasse</span> <span class='ocrx_word' id='word_1_398' title='bbox 1002 4406 1083 4467; x_wconf 92' lang='lat' dir='ltr'>undo</span> <span class='ocrx_word' id='word_1_399' title='bbox 1111 4406 1306 4486; x_wconf 84' lang='lat' dir='ltr'>proficiscen-</span> 
     </span>
    </p>
   </div>
   <div class='ocr_carea' id='block_1_5' title="bbox 0 0 1497 5002">
    <p class='ocr_par' dir='ltr' id='par_1_6' title="bbox 0 0 1497 5002">
     <span class='ocr_line' id='line_1_41' title="bbox 0 0 1497 5002; baseline 0 0"><span class='ocrx_word' id='word_1_400' title='bbox 0 0 1497 5002; x_wconf 95' lang='lat' dir='ltr'> </span> 
     </span>
    </p>
   </div>
  </div>
 </body>
</html>
