2964 5002
171 369 234 432 240
679 381 812 426 rnrrvu

169 569 271 635 aquas
298 549 397 632 erigit
431 569 467 611 se
496 569 649 611 ooeuuus.
687 547 801 610 oceani
831 554 940 609 autem
975 544 1170 629 magnitudo
1207 547 1320 610 incon·

167 646 324 733 parabilis
357 656 390 710 et
419 645 698 712 intransmeabilis
723 646 861 711 latitudo
889 645 1089 733 perhibetur.
1127 646 1319 733 philosophi

169 759 276 811 nutem
305 749 413 830 aiunt,
448 749 535 834 quod
562 758 636 833 post
669 768 826 811 oceanum
856 756 945 812 terra
971 746 1062 811 nullo
1091 748 1136 809 sit
1158 747 1219 810 sed
1251 747 1321 810 solo

168 849 269 912 denso
287 870 362 912 aere
383 848 517 912 nubium
540 849 746 912 contineatur
763 869 852 911 more
868 849 954 912 siout
974 858 1007 911 et
1028 855 1117 911 terra
1138 847 1320 911 subterius.

61 1028 163 1102 ¹55*
259 1051 327 1114 Our
357 1067 454 1113 naun
482 1051 588 1114 maius
616 1072 681 1114 non
712 1049 771 1114 liut
801 1071 840 1113 ao
866 1050 966 1112 tantis
1000 1047 1177 1113 fluuiorum
1215 1050 1348 1134 copiiss

168 1151 352 1215 nullatenus
379 1161 505 1216 creseat
526 1178 599 1216 ιιι.
641 1153 732 1214 uenti
751 1151 884 1236 rapiunt
913 1158 945 1240 et
965 1170 1068 1237 uapor
1091 1148 1249 1236 calorque
1266 1173 1318 1215 so·

170 1355 239 1405 quas
263 1340 357 1390 emissi
380 1339 519 1389 anhelitus
542 1339 588 1391 uel
614 1339 722 1390 reducti
745 1338 825 1389 modo
847 1338 945 1388 inflent
962 1338 1051 1389 maria
1068 1338 1149 1388 modo
1167 1335 1324 1393 renonent’

170 1409 330 1459 Ambrosius
347 1408 382 1456 Η.
402 1408 502 1469 11117,
522 1404 568 1456 30:
599 1408 732 1472 ‘Ampotis
755 1421 863 1472 quoqne
884 1421 955 1471 qnae
974 1407 1003 1454 in
1022 1421 1128 1457 oceano
1147 1421 1210 1457 esse
1229 1405 1323 1472 perhi-

171 1476 261 1537 betur,
280 1491 341 1524 eum
360 1474 475 1538 reliquia
492 1474 591 1524 diebus
609 1475 732 1525 ordinem
745 1488 822 1525 snum
840 1488 953 1523 seruare
974 1472 1092 1536 dicatur,
1110 1473 1205 1523 lunari
1224 1479 1324 1523 exortu

171 1542 285 1592 euidens
303 1541 482 1592 muntationis
500 1556 568 1592 suae
587 1543 675 1591 fertur
693 1542 825 1591 indicium
843 1540 924 1598 dare.
944 1545 975 1590 ut
992 1556 1068 1591 mare
1085 1542 1177 1605 ipsum
1190 1541 1322 1591 occiden-

171 1610 243 1671 tale,
267 1611 296 1658 iu
319 1624 371 1673 qno
395 1614 538 1674 spectatur
561 1611 692 1675 ampotis,
721 1609 803 1666 solito
823 1608 941 1673 amplius
965 1607 1083 1658 accedat
1101 1624 1135 1658 uo
1154 1609 1273 1659 recedet
1292 1615 1322 1658 et

171 1679 273 1726 maiore
293 1682 374 1726 aestu
392 1680 510 1736 leretur,
535 1683 676 1742 tamqnam
693 1677 776 1726 lunae
795 1675 959 1742 quibusdam
982 1676 1200 1740 aspirationibus
1220 1684 1320 1725 retror-

171 1762 229 1794 sum
252 1743 378 1793 trnhntnr
401 1749 430 1793 et
452 1745 550 1794 iterum
574 1744 673 1794 iisdem
701 1744 845 1809 impulsum
875 1758 909 1793 ao
937 1749 1086 1793 retractum
1110 1744 1138 1792 in
1162 1758 1320 1801 mensuram

170 1813 308 1876 propriam
331 1808 520 1861 refundatur!
555 1827 588 1861 ox
606 1811 695 1862 Basili
713 1810 776 1861 hex.
794 1826 858 1877 pag.
876 1810 908 1861 ol
928 1826 952 1860 ο.
972 1838 1005 1845 -
1039 1809 1209 1861 Plutarchus
1232 1812 1263 1860 P.
1288 1812 1320 1861 P.

170 1881 211 1928 lll
235 1879 276 1930 li:
309 1876 374 1936 Πώς
398 1868 561 1944 άμπώτιδες
584 1877 713 1943 γίνονται
737 1876 787 1929 καλ
809 1876 987 1944 πλημμὺραι.
1027 1867 1214 1944 Ἀριστοτέλης
1234 1869 1320 1943 Ἠρα-

170 1944 300 2010 uratum,
329 1936 386 1995 rimi
409 1944 461 1994 τοῦ
482 1937 588 2027 ήλίου1
610 1940 645 1996 τά
669 1947 787 1996 πλεῖστα
815 1945 872 1999 τών
901 1939 1072 2011 πνευμάτων
1094 1945 1249 2004 κινοῦντος
1271 1942 1321 1996 καλ

170 2007 446 2079 συμπεριφέροντος·
486 2003 536 2078 σφ’
565 2030 605 2065 ων
631 2006 832 2080 ’ἐμβαλλόντων
852 2006 907 2094 μὲν
931 2005 1163 2080 προωθουμένην
1186 2003 1321 2065 άνσιδείν

170 2076 223 2147 τήν
244 2071 421 2146 Ἀτλαντικὴν
444 2072 596 2131 θάλασσαν
618 2076 668 2131 καὶ
692 2081 922 2146 παρασκευαζειν
943 2074 996 2147 τήν
1014 2077 1207 2146 πλημμύραν,
1233 2097 1320 2132 κατα-

171 2149 190 2198 λ
207 2140 324 2219 γόντωνο
344 2137 376 2198 δ’
393 2138 677 2215 ἀντιπερισπωμένην
699 2140 884 2216 ὑποβαίνειν,
910 2138 980 2215 ὅπερ
999 2141 1075 2199 εἷναι
1098 2141 1152 2214 τήν
1174 2139 1318 2213 άμτιωτιν.

200 2209 293 2273 ostiae
310 2229 325 2265 ο
344 2209 569 2282 Μασσαλιώτης,
593 2208 787 2283 spintheriae
809 2209 860 2282 τής
878 2208 998 2282 σελήνης
1020 2208 1264 2283 τάςπλημμώρας
1281 2233 1323 2283 μι-

172 2283 291 2345 νεσθαι,
316 2280 350 2349 τῇ
374 2279 407 2333 δε
424 2276 538 2347 μειώσει
556 2275 607 2342 τάς
625 2275 801 2363 άμπώτιδας.
838 2274 960 2334 Πλάτων
983 2275 1030 2334 ἐπὶ
1053 2276 1108 2349 τήν
1131 2278 1245 2349 αἰώραν
1268 2279 1321 2350 φὲ-

173 2366 252 2416 ρεται
275 2346 332 2400 τών
354 2341 483 2400 ὑδάτων·
507 2343 583 2401 εἶναι
608 2367 663 2417 γαρ
688 2367 754 2403 τινα
778 2344 832 2403 αλώ
852 2367 889 2402 αν
914 2345 968 2401 διά
985 2366 1063 2410 τινος
1080 2342 1224 2428 τρήματος
1242 2367 1321 2416 περι-

172 2413 319 2484 φέρουσαν
341 2416 526 2536 πῧξρροιαν,
556 2408 605 2484 ὑφ’
630 2411 664 2486 ής
687 2368 950 2484 άντικυμαὺνεσθαι
973 2411 1007 2468 τά
1029 2419 1151 2485 πελαγη.
1196 2418 1322 2485 Τίμαιος

214 2485 219 2497 “
323 2477 330 2495 ’
348 2485 362 2534 λ
416 2501 450 2544 ας
468 2479 614 2565 ποταμοὺς
637 2481 680 2546 εἰς
702 2479 756 2552 τήν
772 2476 951 2552 Ἀτλαντικὴν
969 2477 1019 2539 διά
1031 2485 1082 2552 τῆς
1093 2485 1235 2553 Κελτικῆς
1246 2479 1322 2553 ὀρει-

173 2553 224 2621 νής
243 2569 261 2602 α
291 2551 386 2616 ιάται,
413 2553 622 2618 προωθουντας
643 2548 698 2619 μὲν
719 2556 783 2612 ταῖς
807 2546 821 2604 ἐ
847 2546 926 2613 όδοις
943 2549 993 2604 καὶ
1010 2548 1187 2620 πλημμύραν
1204 2555 1321 2607 ποιοῦν-

172 2638 238 2682 τας,
262 2612 441 2685 ὑφέλκοντας
461 2616 493 2671 ὃὲ
511 2623 574 2680 ταῖς
591 2612 774 2679 ἀναπαύλαις
790 2570 844 2672 soi
858 2612 1026 2688 α’μπώτιδας
1043 2617 1321 2685 κατασκευάζοντας.

174 2685 315 2746 Σέλευκος
333 2679 348 2737 ὁ
365 2683 579 2755 μαθηματικός,
597 2688 686 2738 τινών
703 2685 753 2739 καὶ
772 2677 854 2747 οὑτος
871 2682 925 2755 τήν
943 2687 1006 2754 μήν,
1026 2679 1213 2745 άντικόπτειν
1231 2681 1322 2759 αὑτῆς

173 2757 206 2822 τῇ
231 2754 298 2820 δίνη
322 2751 394 2820 φησί
416 2752 466 2805 καὶ
489 2755 524 2821 τῇ
546 2750 656 2822 κινήσει
681 2749 734 2822 τήν
757 2749 953 2823 περιστροφὴν
975 2755 1026 2821 τῆς
1050 2751 1184 2822 σελήνης·
1212 2757 1265 2808 τοῦ
1288 2753 1322 2810 ‹ll

173 2816 279 2890 μεταξὺ
298 2813 469 2888 α’μφοτέρων
492 2823 548 2873 τών
566 2819 702 2889 σωμάτων
724 2815 1007 2890 άντιπερισπωμὲνου
1025 2818 1188 2890 πνεύματος
1206 2824 1256 2876 καὶ
1276 2818 1322 2892 ἒμ-

173 2890 328 3008 πζπτιὲντλος
351 2885 393 2948 εἰς
416 2884 448 2940 τὸ
465 2880 639 2941 Ἀτλαντικὸν
663 2886 799 2956 πέλαγος,
822 2885 897 2942 κατά
914 2885 1000 2957 λόγον
1017 2882 1095 2958 αὑτῷ
1118 2893 1321 2958 συγκυκᾶσθαι

173 2975 186 3007 τ
211 2975 226 3007 ν
268 2973 286 3006 α
306 2970 404 3007 ασσαν.

191 2976 206 3024 η
263 3021 339 3080 list*
356 3025 477 3077 Isidorus
496 3027 530 3076 do
549 3033 648 3076 natura
666 3042 755 3077 rerum
774 3027 820 3076 ll:
850 3027 920 3077 ‘Cur
938 3044 1013 3078 muro
1032 3044 1086 3078 nou
1106 3035 1225 3080 creseat.
1258 3031 1323 3080 Cur

173 3109 262 3143 oraro
381 3102 533 3155 creseat,
568 3095 694 3144 Clemens
719 3096 866 3160 opiscopus
894 3095 963 3145 dicit
991 3111 1023 3145 eo
1053 3097 1125 3160 quod
1153 3098 1323 3149 naturaliter

173 3162 249 3211 salso
273 3177 345 3225 aquo
368 3162 498 3212 fluentum
522 3162 601 3212 dulce
627 3164 653 3211 iu
678 3179 708 3211 se
732 3168 874 3228 receptum
898 3170 1057 3224 consumat,
1082 3164 1198 3214 utillud
1217 3165 1322 3216 salsum

174 3231 257 3279 moris
282 3229 441 3278 elimentum
465 3238 699 3295 qrrmrtosoumqne
722 3231 861 3295 receperit
884 3231 979 3296 copias
1003 3246 1150 3296 aquarum,
1182 3232 1322 3283 nihilomi-

173 3313 223 3346 nus
237 3298 391 3346 exhauriat.
427 3297 496 3346 adde
517 3298 599 3347 etiam
620 3298 691 3362 quod
710 3300 806 3348 nenti
825 3301 1041 3350 ...consumi
1079 3299 1321 3351 Solomonautem

173 3366 254 3414 dicit:
284 3366 325 3414 Ad
349 3366 438 3415 locum
461 3366 532 3415 undo
563 3374 664 3415 exeunt
690 3367 802 3415 lluminu
825 3372 1009 3417 reuertuntnr.
1050 3368 1122 3417 unrle
1147 3369 1324 3433 intellegitur

173 3449 247 3481 more
279 3433 340 3482 ideo
370 3448 423 3482 non
453 3420 592 3494 efficere,
623 3434 694 3498 quod
717 3450 766 3499 por
788 3434 919 3498 quosdam
948 3434 1072 3485 occultos
1094 3441 1204 3486 meatus
1232 3451 1323 3501 aquno

174 3501 316 3550 reuolutae
336 3502 365 3549 in
384 3501 475 3550 fontes
494 3516 558 3550 suos
577 3501 695 3551 refluant
720 3509 747 3550 et
776 3503 859 3551 solito
885 3518 966 3553 cursu
990 3519 1040 3568 per
1063 3518 1128 3553 suos
1153 3521 1251 3554 aurnes
1276 3504 1322 3554 de·

173 3574 294 3618 currant.
331 3584 405 3617 mare
430 3574 523 3618 autem
546 3574 692 3634 propterea
716 3570 819 3618 suctum
840 3574 893 3632 est,
920 3577 951 3621 ut
974 3571 1092 3620 omnium
1111 3587 1208 3622 cursus
1226 3573 1323 3622 fluuio·

174 3652 231 3685 rum
255 3637 385 3701 recipiat,
417 3637 494 3685 cuius
519 3653 580 3686 euru
604 3637 640 3686 sit
664 3637 783 3686 altitudo
806 3637 931 3702 diuersa,
956 3639 1108 3688 indiscreto
1132 3645 1226 3689 tomen
1249 3641 1323 3690 dorsi

173 3706 232 3753 eine
252 3702 417 3768 aequalitas.
458 3704 529 3753 unde
554 3711 583 3754 ot
607 3720 710 3768 noqnor
733 3703 902 3770 appellatum
921 3707 1050 3768 ereditur,
1071 3707 1141 3772 quod
1160 3708 1324 3774 superficies

172 3808 372 3818 ---—-———

172 2502 238 2544 τους
257 2478 345 2603 ἐμβαλ

261 3887 270 3936 l
292 3875 389 3951 eregit
408 3879 431 3931 B
451 3869 464 3954 11
488 3895 521 3933 so
541 3897 593 3934 om.
614 3880 686 3950 υιιλμ.
709 3870 723 3956 11
743 3896 876 3935 oceanus
895 3881 1015 3950 scripsi:
1039 3897 1188 3936 oceanum
1204 3882 1231 3936 B
1248 3882 1322 3939 otia·

174 3980 243 4019 nuru
260 3964 285 4017 Λ
304 3963 383 4016 addit
404 3955 442 4016 A²
467 3979 486 4036 p
518 3961 630 4039 qudam
653 3963 824 4020 farisioruur
851 3958 863 4042 11
884 3971 900 4021 2
921 3961 1169 4041 irroonparobiles
1196 3963 1233 4021 Α]
1250 3960 1322 4047 11ἰυ-

173 4041 405 4104 transmeabilos
422 4041 456 4100 ΑΙ
476 4038 488 4124 11
526 4045 672 4104 orhibitnr
692 4043 729 4103 ΒΙ
752 4042 802 4127 113
831 4047 903 4125 quia
925 4050 952 4103 Β
973 4042 986 4127 11
1008 4066 1174 4106 occeanum
1197 4052 1226 4105 Β
1247 4051 1322 4108 otiu·

173 4133 278 4188 numA
287 4130 353 4202 sere
365 4146 478 4201 ετκιμεν
493 4065 608 4209 {inulla
630 4139 711 4189 terro
727 4135 754 4188 Β
769 4128 782 4211 11
798 4140 814 4192 4
836 4132 899 4189 aeri
915 4138 937 4187 Α
952 4127 966 4210 11
982 4141 1182 4190 contenentur
1197 4131 1233 4191 Α1
1253 4155 1322 4192 con·

172 4215 293 4272 tinuatur
306 4208 345 4270 B¹
363 4208 376 4294 11
392 4223 422 4271 et
433 4233 485 4270 om.
498 4218 521 4270 B
536 4210 549 4294 11
564 4213 716 4274 subterius
729 4213 813 4294 ideo]
827 4215 962 4275 subsidio
975 4219 1003 4272 Β
1017 4210 1031 4296 11
1045 4228 1061 4279 ὀ
1077 4236 1155 4295 quur
1168 4222 1222 4275 AB
1238 4215 1251 4299 11
1266 4219 1323 4277 hnc

173 4295 250 4356 ΛΙΒ1
269 4294 282 4380 11
297 4300 390 4357 tontis
403 4299 724 4375 copiorumlluuiorum
741 4321 800 4381 quo
816 4300 916 4382 pistis
933 4304 959 4357 Β
972 4306 1029 4358 nisi
1038 4306 1114 4376 quod
1129 4321 1190 4380 quo
1207 4305 1267 4383 piis
1284 4299 1323 4361 B²

175 4381 218 4464 16
238 4380 576 4465 rupiorrtBllet]11tB
