2964 5002
361 382 601 429 sreenrruaara
624 386 714 428 arear
736 388 778 428 rm
802 388 890 430 auae
913 389 1118 435 aonauoavn
1251 373 1306 437 181

167 536 231 585 mins
257 534 422 586 tantundem
451 540 482 585 et
508 542 654 601 praeterea
683 536 739 587 (liei
765 544 873 602 partem
905 539 1090 603 oeDCXXlll,
1120 542 1214 593 Meton
1243 560 1310 595 uero

167 604 310 653 l'CCLXl'
320 608 349 653 et
361 602 471 652 dicrum
481 604 599 671 quinque
610 604 863 654 undeuicensimam
874 612 989 671 partem,
1001 608 1310 673 OermpidcsCCCLXV

166 678 192 721 et
208 671 315 721 dierum
334 671 416 720 duum
436 676 466 720 st
484 670 585 737 uiginti
603 677 710 736 partem
728 673 1038 738 undesexagensimam,
1058 676 1198 741 Harpalus
1217 684 1310 729 autem

166 738 310 788 CCCLXV
333 742 363 788 et
384 738 470 788 horas
493 738 713 802 aequinoctiales
735 740 817 799 11111,
843 746 874 789 at
895 748 989 790 noster
1011 743 1116 792 Ennius
1140 744 1308 796 CCC-LXVI.

165 806 186 857 i.
198 806 325 871 plerique
337 812 488 871 praeterea
503 805 781 871 incomprehensibile
793 807 920 872 quiddam
932 816 960 858 et
975 810 1175 860 inenuntiabile
1190 828 1250 861 esse
1264 830 1310 863 ox·

166 875 369 931 istimauerunt
388 873 439 922 aed
458 888 508 939 pro
526 888 592 922 uero
611 874 682 938 quod
700 875 851 939 proximum
869 876 1006 940 putabunt
1025 878 1144 943 amplexi
1157 886 1229 935 sunt,
1250 881 1309 930 dies

165 940 272 990 scilicet
284 938 445 990 cocunt.
475 940 500 989 4.
513 940 602 1006 Igitur
614 956 675 990 cum
688 947 767 991 tanta
787 943 858 991 inter
875 945 949 992 uiros
962 944 1135 994 doctissimos
1154 947 1239 995 fuerit
1256 948 1310 997 dis·

165 1009 264 1067 sensio,
283 1006 352 1072 quid
371 1008 470 1057 mirum
488 1007 511 1057 si
530 1009 596 1057 anni
615 1008 722 1071 nielles,
742 1025 809 1074 quos
827 1010 956 1060 diuersae
976 1013 1107 1061 ciuitates
1127 1014 1206 1062 rrales
1224 1015 1309 1065 etiam

165 1082 218 1125 tum
242 1074 300 1125 sibi
324 1090 451 1141 quaeque
470 1074 646 1136 statuebant,
671 1083 727 1125 tam
751 1078 824 1127 inter
847 1093 878 1127 se
902 1079 1059 1143 discrepent
1082 1096 1162 1144 quam
1182 1096 1242 1130 cum
1261 1082 1310 1132 illo

165 1140 286 1193 naturali
305 1158 363 1192 non
375 1144 549 1259 congruant?
567 1149 596 1193 et
613 1144 641 1193 in
654 1144 780 1209 Aegypto
800 1145 907 1210 quidem
922 1147 1142 1210 antiquissimum
1156 1147 1248 1197 lcnrnt
1261 1164 1308 1198 an-

165 1226 224 1261 nam
242 1214 416 1260 menstruum
440 1210 524 1269 uisse,
544 1216 607 1276 post
618 1211 718 1261 deinde
731 1212 766 1261 ab
779 1213 859 1263 laone
877 1228 942 1279 rege
956 1215 1181 1279 quadrimestrem
1194 1216 1307 1279 factum,

165 1278 314 1329 conanime
333 1278 466 1328 Arminon
485 1277 521 1327 ad
538 1279 671 1329 tredecim
690 1294 798 1329 menses
817 1286 845 1330 et
863 1280 924 1330 dies
942 1284 1060 1346 quinque
1080 1282 1251 1346 perduxisse.
1283 1284 1308 1333 5.

165 1347 227 1396 item
245 1346 277 1395 in
295 1344 407 1395 Achaia
424 1345 547 1395 Arcades
564 1347 730 1396 trimestrem
749 1362 851 1396 annum
869 1349 956 1413 primo
975 1348 1106 1399 babuisse
1125 1349 1260 1409 dicuntur,
1281 1356 1310 1400 et

165 1415 197 1463 ob
214 1413 243 1463 id
261 1412 431 1530 proselenoe
451 1412 594 1478 appellati,
614 1430 669 1464 non
687 1420 717 1463 ut
736 1415 846 1479 quidam
864 1421 977 1480 putant,
1001 1417 1072 1481 qaod
1091 1424 1155 1465 ante
1174 1419 1229 1466 sint
1247 1419 1308 1466 nati

165 1496 243 1547 qaam
273 1495 349 1531 unae
368 1486 473 1530 astrrrm
491 1481 571 1530 caelo
590 1486 673 1545 esset,
692 1482 740 1531 scd
759 1483 829 1546 quod
847 1484 922 1547 prius
940 1483 1087 1533 habuerint
1107 1499 1306 1548 ennumquam

165 1550 232 1599 isin
243 1548 370 1599 Graecia
388 1548 424 1597 ad
441 1548 524 1598 lunae
543 1564 652 1599 cursum
670 1550 892 1599 constitueretur.
923 1550 948 1598 (i.
967 1556 1031 1600 srrnt
1048 1552 1094 1615 qui
1112 1552 1224 1601 tradunt
1236 1552 1308 1601 hunc

167 1632 264 1667 annum
289 1616 458 1693 trimestrem
481 1615 584 1666 Horum
613 1618 781 1673 instituisse,
812 1632 898 1681 eoque
921 1633 971 1667 uer
994 1624 1130 1668 aestatem
1149 1624 1308 1669 autumnum

166 1684 282 1734 hiemem
300 1698 378 1757 noae
396 1689 425 1734 et
439 1698 544 1761 'annum
561 1672 638 1748 cioca
654 1685 718 1745 dici,
739 1691 767 1734 et
780 1683 903 1735 Graecos
916 1685 1033 1735 annales
1051 1675 1142 1750 ὥρους
1161 1701 1307 1750 eorumque

166 1752 315 1817 scriptores
333 1764 532 1816 apopempaeo.
568 1753 661 1816 itaque
686 1759 816 1816 (quattuor
838 1768 969 1802 annorum
992 1754 1135 1803 circuitum
1154 1755 1183 1803 in
1201 1755 1308 1803 modurn

166 1818 368 1885 pcataeteridis
380 1834 483 1868 annrrm
495 1834 623 1885 magnum
636 1820 777 1869 dicebant.
806 1820 831 1869 7.
846 1820 933 1869 Cares
946 1827 1037 1870 autem
1054 1827 1081 1870 et
1093 1822 1253 1873 Acarnanes
1266 1837 1309 1871 se·

168 1893 281 1938 mestres
304 1886 463 1937 habuerunt
481 1902 568 1937 annos
590 1889 663 1936 inter
680 1901 710 1936 so
730 1887 893 1948 dissimiles,
918 1888 1015 1952 quibus
1039 1888 1155 1938 alternis
1177 1889 1237 1940 (lios
1262 1905 1308 1939 au·

168 1959 315 2019 geseorent
339 1961 387 2004 aut
410 1961 604 2017 senescerent,
629 1970 731 2018 cosque
754 1956 917 2004 coniunctos
939 1955 1017 2005 uelut
1039 1956 1184 2006 trieterida
1207 1971 1308 2007 annum

168 2037 303 2087 magnum.
322 2022 382 2071 XX.
413 2021 469 2071 Sed
491 2027 523 2071 ut
540 2022 589 2071 hos
608 2037 696 2072 annes
719 2022 844 2071 omittam
868 2022 990 2089 caligine
1016 2025 1070 2072 iam
1089 2024 1243 2089 profundae
1261 2039 1308 2074 uc-

168 2091 279 2139 tuatatis
298 2088 448 2147 obductos,
474 2089 502 2138 in
524 2090 568 2138 his
591 2104 698 2155 quoque
722 2091 767 2153 qui
792 2095 855 2138 sunt
877 2090 1041 2140 recentioris
1060 2092 1208 2142 memoriae
1227 2096 1255 2140 et
1274 2091 1309 2141 ad

169 2172 273 2207 cursum
293 2156 378 2207 lunae
396 2156 443 2207 ael
461 2155 527 2206 solia
546 2158 666 2207 instituti
691 2162 795 2221 quanta
818 2158 856 2206 ait
878 2159 1016 2220 uarietas,
1042 2156 1126 2207 facile
1146 2164 1189 2208 est
1208 2175 1308 2224 cogno·

169 2240 256 2287 scere,
281 2226 307 2275 si
331 2224 392 2289 quis
415 2224 461 2289 uel
484 2225 513 2273 in
531 2225 611 2274 unitis
630 2224 732 2274 Italiac
751 2225 880 2288 gentibus
903 2240 938 2274 ne
957 2225 1048 2275 dicam
1066 2227 1221 2290 peregrinis
1240 2225 1310 2275 uelit

169 2292 313 2359 inquirere.
351 2306 414 2341 nam
437 2297 468 2341 ut
490 2292 574 2342 alium
591 2292 735 2342 Ferentini
759 2291 844 2341 aliurn
866 2293 980 2342 Lauinii
1004 2293 1123 2356 itemque
1142 2293 1244 2342 Albani
1263 2293 1309 2342 uel

169 2360 283 2410 Romani
305 2359 466 2409 habuerunt
488 2374 601 2421 annum,
627 2361 668 2409 ita
692 2365 720 2409 et
743 2359 817 2408 aliae
841 2365 947 2424 gentes.
988 2359 1113 2408 omnibus
1137 2366 1231 2408 tamen
1254 2361 1309 2409 fuit

169 2428 336 2494 propositum
357 2442 422 2478 suos
445 2426 545 2476 ciuiles
568 2442 654 2476 annos
678 2427 757 2476 uarie
781 2427 981 2476 intercalandis
1004 2426 1144 2475 mensibus
1168 2426 1202 2475 ad
1225 2441 1308 2476 unrrm

169 2494 240 2545 illurn
253 2510 350 2545 nerum
361 2493 569 2559 naturalemque
583 2495 730 2559 corrigere.
754 2494 778 2542 2.
798 2495 832 2543 de
846 2494 944 2559 quibus
957 2494 1082 2544 omnibus
1095 2494 1229 2542 disserere
1244 2509 1309 2556 quo-

170 2563 238 2613 niam
256 2563 369 2627 longum
388 2567 446 2621 est,
470 2562 504 2611 ad
522 2562 705 2611 Romanorum
731 2577 830 2610 annum
852 2562 1038 2611 transibimus.
1075 2560 1180 2608 Annum
1199 2566 1308 2609 uerten-

170 2636 219 2680 teru
237 2630 344 2680 Romae
358 2630 482 2679 Licinius
501 2629 609 2694 quidem
622 2630 719 2678 Macer
737 2634 764 2678 et
783 2635 881 2694 postea
894 2628 1053 2679 Fenestella
1071 2628 1164 2676 statim
1179 2628 1213 2676 ab
1228 2628 1309 2676 initio

170 2696 310 2747 duodecim
335 2712 458 2747 mensum
482 2697 567 2746 itrissc
592 2698 775 2762 scripserunt:
804 2697 852 2745 scd
877 2697 965 2760 magis
990 2696 1068 2745 lunio
1091 2694 1256 2743 Gracchano
1281 2701 1309 2743 ct

171 2765 264 2815 l'uluio
283 2772 313 2814 et
330 2764 449 2813 Varroni
468 2773 496 2813 et
513 2765 644 2814 Suetonio
666 2764 784 2827 aliisque
804 2763 983 2822 credendum,
1008 2764 1053 2826 qui
1073 2763 1167 2811 decem
1186 2778 1307 2810 rnensurn

170 2839 334 2896 putauerunt
352 2832 453 2889 fuisse,
472 2837 503 2880 ut
520 2837 586 2881 tnnc
599 2832 715 2880 Albanis
734 2836 795 2879 erat
812 2831 883 2880 unde
902 2832 954 2879 orti
968 2831 1093 2879 Romani.
1128 2830 1152 2879 3.
1166 2829 1194 2878 lri
1213 2829 1308 2878 decern

171 2916 275 2949 menses
298 2900 360 2949 dies
379 2899 506 2949 occur}
524 2900 576 2949 hoe
590 2899 670 2948 modo
682 2898 838 2947 habebant:
858 2898 974 2946 Martius
987 2898 1085 2958 XXXI,
1106 2897 1209 2961 Aprilis
1222 2897 1308 2958 XXX,

171 2968 256 3017 Maius
274 2968 383 3028 XXXI,
403 2967 497 3016 lunius
515 2968 605 3027 XXX,
631 2965 763 3028 Quintilis
782 2965 882 3017 xxxi.
903 2964 1015 3013 Sextilis
1035 2970 1061 3012 et
1080 2966 1243 3030 September
1261 2965 1308 3013 tri·

171 3051 260 3095 cenos,
279 3035 403 3085 October
420 3034 525 3089 XXXI,
545 3034 700 3083 Nouember
718 3040 745 3082 et
763 3033 921 3082 December
939 3033 1073 3081 tricenos:
1099 3047 1211 3095 quorum
1230 3037 1309 3097 quat-

170 3112 228 3153 tuor
245 3103 366 3153 maiores
383 3101 460 3166 pleni
478 3103 564 3151 ceteri
583 3117 631 3151 sex
649 3102 714 3151 caui
732 3100 912 3149 uocabantur.
948 3100 971 3146 1.
993 3105 1090 3163 postea
1108 3101 1167 3148 siue
1187 3116 1203 3148 a
1221 3100 1309 3148 Numa

171 3178 197 3219 nt
213 3172 254 3220 ait
274 3170 389 3219 Fuluius
408 3169 466 3219 sine
484 3175 514 3219 ut
533 3170 626 3218 lunius
645 3185 661 3217 a
679 3168 829 3231 Tarquinio
848 3168 901 3216 Xll
921 3166 989 3215 t'aeti
1008 3174 1071 3214 arrnt
1084 3182 1192 3216 rnerrses
1210 3172 1238 3216 et
1250 3167 1309 3215 dies

171 3238 302 3299 ceum,
328 3236 453 3302 quamuis
477 3236 541 3286 luna
565 3237 619 3285 Xll
647 3236 705 3284 suis
728 3235 868 3284 mensibus
893 3234 1046 3283 CCl'ldlll
1075 3234 1134 3283 dies
1162 3234 1310 3283 uidebatur

172 3306 287 3371 explere.
325 3305 374 3354 sed
393 3310 423 3352 ut
441 3319 509 3354 unus
527 3304 587 3353 dies
606 3302 761 3353 abundaret
781 3310 828 3351 aut
846 3319 896 3367 per
915 3301 1125 3367 imprudentiam
1140 3301 1243 3350 accidit
1263 3305 1311 3349 aut

172 3374 237 3437 quod
254 3373 345 3438 magis
364 3371 446 3421 credo
466 3387 499 3420 ea
517 3372 713 3436 superstitione
732 3386 785 3434 qna
805 3371 892 3435 impar
915 3384 1042 3418 numerus
1060 3369 1157 3434 plenus
1176 3375 1203 3418 et
1223 3368 1310 3432 magis

171 3442 273 3491 lanatus
286 3439 451 3489 habebatur.
486 3438 510 3487 lt.
525 3444 601 3487 certe
620 3438 654 3487 ad
668 3453 767 3487 annum
780 3438 898 3502 priorem
915 3453 984 3485 antra
999 3443 1026 3485 et
1039 3437 1237 3501 quinquaginta
1251 3436 1310 3485 dies

172 3512 361 3559 accesserunt:
382 3506 428 3570 qui
447 3508 511 3570 quia
530 3520 638 3555 menses
657 3505 709 3554 duo
727 3521 782 3554 nou
802 3505 952 3569 explerent.
973 3520 1021 3552 sea
1040 3504 1095 3554 illis
1116 3504 1192 3554 carris
1211 3503 1309 3552 mensi·

172 3576 215 3625 hus
233 3576 294 3624 dies
308 3580 372 3623 sunt
384 3573 485 3637 singuli
503 3573 622 3623 detracti
643 3580 670 3621 et
689 3573 722 3621 ad
742 3588 789 3621 cos
809 3572 904 3633 additi,
925 3572 1048 3634 laetique
1062 3572 1121 3621 (lieu
1133 3572 1208 3620 Lt'11
1228 3576 1256 3618 et
1275 3585 1308 3618 cx

171 3642 209 3692 liis
225 3643 279 3693 ‹luo
299 3656 409 3692 menses
429 3642 571 3690 lanuarias
589 3641 777 3704 undetriginta
794 3641 897 3688 dierum
911 3640 1079 3688 Februarius
1092 3638 1306 3701 duodetriginta.

173 3720 249 3776 atque
275 3712 317 3760 ita
336 3724 432 3759 ornnes
449 3724 557 3758 menses
575 3709 649 3773 pleni
669 3716 697 3756 et
716 3708 805 3771 inpari
828 3708 932 3756 dierum
951 3722 1062 3756 numero
1082 3722 1142 3756 esso
1161 3711 1310 3769 coeperunt

173 3788 283 3844 excepto
303 3776 455 3827 Februario
475 3777 520 3841 qui
539 3777 612 3825 solus
632 3792 716 3825 cauus
736 3781 763 3824 et
787 3775 820 3824 ob
845 3775 896 3824 lroc
917 3775 1018 3822 ceteris
1037 3774 1184 3822 inlaustior
1202 3777 1244 3820 cst
1261 3771 1309 3820 lra-

172 3845 249 3896 bitua.
285 3845 310 3893 a.
330 3844 448 3908 denique
472 3860 532 3894 eum
555 3844 763 3893 intercalarium
782 3858 902 3892 mensem
927 3841 1027 3903 uiginti
1046 3841 1125 3889 ‹luum
1144 3837 1187 3887 ael
1210 3838 1312 3902 uiginti

173 3915 247 3964 trium
266 3914 372 3963 dicrum
393 3911 508 3961 alternis
527 3913 606 3960 aunis
626 3911 690 3960 addi
709 3910 872 3975 placuisset,
898 3914 928 3956 ut
951 3908 1043 3957 ciuilis
1067 3922 1154 3956 annus
1179 3905 1213 3954 ad
1232 3911 1310 3953 natu·

174 3982 251 4032 ralcm
272 3985 483 4043 exaequaretur,
504 3980 532 4028 iu
550 3995 642 4027 mense
663 3978 831 4043 potissimum
850 3976 1003 4025 Februario
1022 3976 1093 4023 inter
1111 3972 1269 4023 torminalia
1283 3976 1311 4020 et

175 4050 336 4115 regifugium
349 4047 543 4095 intercalatum
563 4055 613 4099 est.
634 4046 714 4110 idque
734 4045 779 4093 din
800 4045 902 4094 factura
922 4044 1078 4107 priusquam
1097 4042 1245 4090 sentiretur
1264 4054 1310 4086 an·

175 4131 217 4166 uos
235 4116 334 4167 ciuiles
354 4114 496 4179 aliquanto
516 4114 688 4164 naturalibus¹
712 4128 772 4161 esse
797 4113 924 4161 maiores.
962 4109 1032 4172 quod
1056 4109 1185 4158 delictum
1204 4114 1233 4156 ut
1253 4121 1310 4155 cor·

176 4185 315 4249 rigeretur,
342 4182 519 4248 pontificibus
542 4183 634 4231 datum
654 4181 794 4239 negotium
819 4191 964 4239 eorumque
989 4175 1104 4226 arbitrio
1127 4172 1312 4225 intercalandi

176 4253 239 4302 ratio
252 4252 397 4318 perrniasa.
423 4249 446 4299 7.
460 4250 508 4299 sed
521 4251 615 4299 lrorum
629 4250 750 4314 plerique
764 4247 798 4296 olr
813 4247 902 4296 odium
917 4242 960 4292 uel
974 4243 1103 4300 gratiam,
1117 4260 1167 4308 quo
1181 4243 1242 4306 quis
1255 4256 1311 4289 ma·

177 4321 287 4377 eistratu
308 4319 394 4368 citius
414 4317 504 4366 abiret
516 4318 653 4366 diutluauc
668 4317 830 4380 iungeretur
848 4316 896 4362 aut
914 4308 1018 4374 publici
1031 4311 1188 4373 redemptor
1201 4325 1233 4357 ex
1247 4307 1311 4357 anni

177 4387 361 4451 magnitudine
381 4385 410 4434 iu
428 4384 503 4434 lucro
522 4385 656 4434 danrnouo
676 4388 766 4444 essct,
785 4381 845 4447 plus
863 4379 988 4427 minusue
1007 4393 1041 4427 ex
1058 4377 1173 4426 libidine
1192 4377 1312 4424 interca-
