2964 5002
172 344 213 411 96
549 366 591 413 nr
614 365 699 413 urata
721 367 934 415 mavsratavs

171 518 409 604 immanemque
441 526 553 582 natum
581 527 613 582 et
639 521 742 582 sensit
769 520 832 583 cito
862 528 896 584 et
921 519 1083 605 indicauit
1107 521 1192 586 inter
1217 521 1312 586 fami-

170 617 267 707 liares
295 618 409 683 solitus
431 618 563 708 dicere,
593 642 657 684 non
681 619 756 684 lieri
779 642 878 687 saeuo
905 621 954 686 illi
972 621 1057 688 leoni
1082 626 1160 710 quin
1179 635 1312 710 gustato

171 719 271 785 semel
294 720 434 786 hominis
454 743 568 785 cruore
581 722 739 809 ³ingenita
760 722 872 787 redeat
893 725 1041 789 saeuitia.
1079 760 1087 777 ·

84 853 159 928 88*
256 857 369 922 Iunius
385 856 493 923 Gallio
509 857 609 922 frater
624 857 767 922 Senecae
789 861 941 946 egregius
964 859 1162 927 declamator
1179 863 1312 951 propria

170 981 205 1024 se
226 980 325 1025 manu
346 958 499 1024 interficit
521 954 556 1038 (f
570 986 596 1024 a.
620 968 699 1040 817).
1013 956 1019 965 ⁴
1322 988 1335 1026 s

170 1235 266 1271 necem
289 1219 434 1286 compulit,
459 1220 585 1284 quamuis
607 1234 691 1283 saepe
710 1225 890 1268 commeatum
913 1221 1019 1286 petenti
1045 1222 1180 1287 bonisque
1199 1223 1311 1273 cedenti

169 1293 315 1354 persancte
327 1289 459 1350 iurasset,
479 1289 636 1352 suspectum
649 1301 679 1335 so
692 1286 793 1337 furstra
805 1288 1009 1353 periturumque
1024 1291 1116 1355 potius
1134 1304 1216 1354 quam
1234 1292 1310 1342 noci-

169 1364 257 1407 turum
277 1355 322 1408 ei!
353 1357 389 1407 cl.
408 1355 524 1404 Tacitus
543 1368 606 1407 ann.
624 1354 708 1404 XIIII
725 1355 757 1403 52
764 1371 821 1420 sqq.
840 1354 874 1405 56
891 1357 941 1406 XV
958 1358 999 1407 45.
1018 1357 1060 1408 eo.
1078 1357 1176 1423 ddsqq.
1195 1359 1311 1411 Cassius

169 1426 224 1475 Dio
236 1424 284 1488 62,
297 1425 395 1490 24sqq.
410 1451 441 1459 —
454 1422 601 1473 Suetonius
614 1423 704 1486 Oalig.
717 1422 764 1473 53:
779 1424 876 1473 ‘lenius
886 1426 1056 1491 comtiusque
1069 1425 1210 1477 scribendi
1223 1443 1312 1492 genus

170 1493 240 1543 adeo
258 1499 436 1544 contemnens
453 1496 484 1540 ut
502 1491 636 1541 Senecam
654 1495 712 1539 tum
729 1492 847 1542 maxime
860 1492 1016 1558 placentem
1029 1495 1235 1544 commissiones
1254 1510 1311 1546 me·

169 1577 215 1612 ras
250 1577 411 1626 componere
443 1564 471 1608 et
499 1559 631 1608 harenam
660 1574 720 1608 esse
749 1559 809 1609 sine
839 1560 917 1611 calce
941 1560 1070 1612 diceret!
1116 1564 1180 1613 Ner.
1204 1563 1251 1612 5⁰2:
1283 1563 1311 1615 ‘a

170 1631 329 1695 cognitione
352 1634 475 1678 ueterum
496 1632 636 1683 ‚oratorum
658 1627 766 1676 Seneca
787 1635 953 1694 praeceptor
975 1626 1103 1692 (auertit),
1129 1647 1181 1696 quo
1206 1632 1310 1682 diutius

170 1700 197 1747 in
212 1698 392 1747 admiratione
406 1697 448 1746 sui
461 1692 618 1744 detineret)
643 1693 832 1756 Quintilianus
844 1697 868 1745 X
883 1696 910 1759 I,
932 1697 992 1746 125:
1012 1696 1056 1748 ‘ex
1074 1699 1211 1749 industria
1223 1698 1308 1751 Sene·

170 1782 232 1815 eam
241 1766 270 1814 in
283 1767 355 1815 omni
369 1778 470 1830 genere
484 1762 658 1827 eloquentiae
671 1761 766 1812 distuli
778 1770 890 1828 propter
902 1766 1043 1831 uulgatum
1057 1767 1128 1817 salso
1141 1768 1175 1817 de
1187 1785 1232 1818 me
1251 1770 1308 1834 opi·

168 1834 292 1895 uionem,
342 1847 378 1882 ua
400 1831 530 1880 damnare
554 1845 614 1880 earn
639 1835 668 1879 et
695 1831 814 1881 inuisum
837 1848 944 1899 quoque
967 1833 1070 1885 habere
1093 1851 1153 1885 sum
1177 1837 1307 1887 creditus.

169 1901 239 1966 quod
263 1848 367 1951 acciiit
389 1898 469 1960 mihi,
499 1897 561 1946 dum
585 1903 740 1962 corruptum
764 1906 792 1950 ct
815 1901 941 1952 omnibus
958 1903 1037 1952 uitiis
1060 1903 1179 1953 fractum
1197 1904 1308 1954 dicendi

168 1983 255 2034 genua
273 1983 406 2019 reuocare
419 1966 454 2015 ad
472 1966 613 2016 seueriore
625 1965 729 2016 iudicia
743 1969 892 2030 contendo,
912 1976 968 2019 tum
987 1977 1079 2022 autem
1092 1971 1167 2022 solus
1184 1971 1230 2023 hic
1249 1973 1307 2022 iera

169 2039 196 2086 iu
218 2036 347 2086 manibus
372 2034 589 2085 adolescentium
612 2033 675 2083 ruit.
717 2051 796 2100 quem
820 2053 873 2086 non
902 2038 1028 2103 equidem
1051 2041 1161 2090 omniuo
1186 2039 1307 2090 conabar

169 2110 312 2167 excutere,
332 2103 381 2154 sed
398 2102 551 2169 potioribus
569 2101 704 2166 praeferri
717 2120 771 2153 uon
790 2104 928 2168 sinebam,
949 2122 1015 2171 quos
1034 2107 1081 2156 ille
1094 2123 1148 2157 non
1161 2108 1305 2158 destiterat

168 2173 322 2233 lacessere,
341 2187 402 2222 cum
421 2171 523 2221 diuersi
536 2170 590 2219 sihi
603 2171 730 2220 conscius
743 2173 853 2235 generis
865 2173 977 2239 placere
996 2191 1026 2225 se
1045 2176 1073 2224 iu
1086 2176 1204 2226 diceudo
1216 2191 1303 2243 posse,

169 2236 267 2306 quibus
285 2239 326 2290 illi
345 2239 470 2305 placent,
489 2237 637 2288 diffideret.
674 2239 806 2290 amabant
829 2247 921 2291 autem
945 2257 1006 2291 eum
1028 2245 1117 2308 magis
1140 2259 1224 2308 quarn
1247 2245 1306 2294 imi·

168 2310 299 2359 tabantur
317 2314 476 2372 tantumque
496 2306 530 2355 ab
550 2322 582 2357 co
600 2306 772 2367 (iuduebam,
791 2314 923 2373 quantum
941 2309 988 2360 ille
1008 2312 1042 2360 ab
1061 2312 1181 2376 antiquis
1194 2312 1308 2363 descen·

168 2378 247 2428 derat
259 2410 626 2427 ..................
646 2377 781 2425 tractauit
799 2377 883 2426 etiam
896 2393 1003 2428 ornnem
1016 2378 1074 2428 iere
1087 2380 1238 2430 studiorum
1251 2396 1309 2430 ma·

167 2446 274 2496 teriam.
311 2459 375 2494 uam
394 2449 422 2493 et
439 2444 579 2493 orationes
598 2443 657 2491 eius
676 2449 705 2492 et
722 2449 851 2508 poemata
874 2450 903 2494 et
926 2446 1061 2510 epistolae
1086 2453 1114 2496 ot
1137 2446 1241 2512 dialogi
1267 2447 1307 2496 ie-

167 2519 270 2563 runtur.
290 2514 320 2563 in
336 2510 510 2578 philosophia
528 2525 623 2576 parum
641 2510 773 2578 diligens,
794 2514 923 2578 egregius
941 2519 1033 2564 tamen
1046 2515 1174 2565 uitiorum
1186 2516 1307 2565 insecta·

167 2589 210 2633 tor
223 2579 285 2631 lnit'
299 2599 322 2632 e.
337 2597 362 2645 q.
377 2596 398 2630 s.
412 2579 449 2629 cf.
463 2579 579 2628 Tacitus
592 2593 654 2627 ann.
669 2579 737 2629 XlII
751 2579 778 2629 3:
793 2582 965 2646 ‘quamquam
979 2583 1069 2632 oratio
1083 2599 1099 2632 a
1113 2583 1220 2632 Seneca
1233 2598 1306 2633 com-

166 2652 258 2716 posita
276 2649 388 2707 multum
408 2646 497 2697 cultus
515 2646 688 2712 praeferret)
715 2648 783 2696 XIII
801 2648 846 2697 4⁸2:
866 2649 933 2699 ‘uec
952 2650 1065 2700 Suillius
1084 2655 1182 2715 questu
1194 2655 1243 2700 aut
1261 2667 1305 2701 ex-

166 2719 343 2783 probrat-ione
362 2715 537 2776 abstinebat,
556 2721 666 2779 practer
679 2717 811 2766 ferociam
830 2717 915 2766 animi
934 2723 1057 2767 extrema
1070 2725 1213 2768 senectute
1227 2719 1306 2781 liber,

167 2792 196 2836 et
219 2787 354 2836 Senecam
379 2785 524 2848 increpans
549 2783 685 2832 intensum
710 2785 807 2832 amicis
831 2784 955 2847 Claudii,
986 2787 1036 2835 sub
1056 2802 1108 2850 quo
1128 2788 1306 2836 iustissimum

168 2853 279 2903 exilium
297 2853 464 2918 pertulisset.
492 2851 573 2900 simul
591 2851 689 2900 studiis
702 2851 836 2900 inertibus
850 2861 877 2902 et
896 2854 1024 2903 quenum
1037 2856 1186 2919 inperitiae
1199 2861 1307 2905 suctum

85 2931 89 2939 '
166 2922 254 2970 liuere
272 2923 306 2970 iis
325 2920 370 2985 qui
389 2919 511 2968 uiuidum
530 2925 558 2968 et
572 2921 757 2984 incorruptam
776 2919 962 2985 eloquentiam
979 2923 1088 2971 tuendis
1102 2924 1211 2973 ciuibus
1230 2941 1306 2973 exer·

167 2994 270 3038 cerent.
307 3004 336 3038 se
355 2994 527 3051 quaestorem
547 2987 717 3048 Germanici,
745 2986 821 3036 illum
840 2989 934 3039 domus
953 2991 1011 3040 eius
1031 2989 1185 3040 adulterum
1209 2992 1306 3041 luisse.

167 3073 202 3106 an
221 3057 334 3122 grauius
353 3055 563 3105 existimandum
582 3060 678 3120 sponte
701 3055 853 3120 litigatoris
871 3059 1021 3122 praemium
1044 3058 1179 3108 honestae
1204 3076 1306 3124 operae

166 3124 295 3188 adsequi,
315 3139 395 3189 quam
414 3139 585 3188 corrumpere
605 3122 734 3172 cubicula
747 3124 900 3190 principum
920 3127 1100 3176 feminarum?
1124 3142 1177 3190 qua
1196 3129 1306 3192 sapien·

165 3195 220 3255 tia,
239 3193 337 3257 quibus
374 3189 576 3256 hilosophorum
595 3193 751 3256 praeceptis
776 3192 849 3241 intra
869 3195 1077 3257 quadriennium
1096 3197 1190 3259 regiae
1211 3197 1306 3246 amici·

166 3261 223 3310 tiae
247 3266 290 3309 ter
312 3208 433 3309 milliens
457 3260 613 3308 sestertium
638 3259 811 3323 parauisset?
851 3261 955 3311 Rornae
983 3268 1151 3312 testamenta
1175 3270 1203 3312 et
1227 3264 1306 3314 orbos

165 3329 243 3378 uelut
261 3327 391 3394 indagine
411 3328 470 3376 eius
490 3328 566 3392 capi,
587 3327 699 3376 Italiam
719 3334 746 3376 ct
758 3328 917 3392 prouincias
930 3331 1054 3379 inmenso
1067 3332 1161 3380 leuore
1180 3329 1305 3382 hauriri’
1333 3362 1336 3367 -

166 3397 310 3447 Severiora
330 3397 414 3446 etiam
440 3395 657 3459 antiquariorum
676 3395 781 3444 iudicia
800 3402 896 3446 extant
915 3398 987 3464 apud
1006 3399 1172 3449 Frontonem
1191 3400 1225 3450 dc
1246 3417 1304 3450 ora·

92 3509 94 3514 .
166 3465 286 3514 tionibus
306 3464 340 3514 ad
359 3463 563 3513 sticnesamm
581 3479 608 3527 p.
628 3463 678 3514 235}
697 3469 724 3513 ct
743 3462 862 3514 Gellium
880 3467 934 3516 XII
951 3467 975 3516 ⁴2.

244 3555 304 3615 its*
322 3566 505 3628 Hieronymus
528 3564 572 3614 01.
595 3565 656 3625 ⁶210,
680 3566 705 3613 l.
742 3564 856 3616 Cassius
880 3568 933 3618 llio
957 3568 1003 3630 62,
1028 3569 1074 3617 25:
1105 3565 1154 3619 sui
1177 3564 1207 3619 ot
1224 3561 1306 3621 dert-

166 3631 217 3698 φοὶ
235 3623 353 3696 ὕστερον
372 3625 562 3683 inaratam.
590 3633 706 3683 Tacitus
725 3649 788 3683 ann.
808 3636 857 3684 XV
875 3634 921 3686 ἴδε
947 3637 1064 3704 ‘Iupimn
1083 3637 1239 3687 Gallionem
1259 3641 1305 3689 Se·

166 3719 252 3752 necas
272 3703 352 3751 fatris
371 3707 456 3750 morte
471 3702 598 3766 parridum
617 3706 646 3750 et
663 3718 711 3767 pro
724 3718 774 3751 sua
793 3703 983 3754 incolumitate
996 3705 1148 3770 supplicem
1169 3708 1307 3772 increpuit

166 3772 293 3821 Salienus
312 3770 440 3818 Clemens
462 3770 568 3820 hostem
583 3775 611 3820 et
629 3771 793 3834 parricidam
813 3771 937 3821 uocaus!
984 3774 1111 3837 sequenti
1130 3775 1216 3838 igitur
1235 3791 1305 3824 nuno

167 3837 375 3888 adscribendum
399 3843 467 3888 erat.
512 3838 640 3888 Ceterum
664 3839 749 3887 etiam
773 3839 865 3888 Gallio
888 3839 959 3888 lilius
984 3841 1112 3905 egregius
1136 3841 1306 3891 declaumtor

165 3909 251 3957 luisse
274 3905 397 3967 videtur,
421 3912 522 3956 utnon
544 3907 581 3955 sit
599 3922 648 3955 cur
666 3907 901 3957 cum'Hermauno
921 3914 949 3956 et
966 3909 1134 3957 Mommseno
1153 3910 1185 3958 de
1211 3912 1304 3960 cousu-

165 3977 242 4026 siouc
262 3973 419 4025 Gallienum
437 3975 524 4038 patris
544 3980 572 4023 et
589 3974 639 4023 lilii
658 3975 774 4040 cogites.
811 3976 847 4024 ct'.
868 3976 1057 4037 erintiliauus
1075 3977 1117 4026 111
1138 3977 1165 4038 l,
1185 3978 1226 4026 m.

252 4246 262 4296 1
276 4231 424 4291 indicauit
436 4232 548 4303 Lipsius
560 4236 598 4289 ud
609 4234 744 4291 Scirorum
757 4253 786 4306 p.
801 4235 923 4292 XXVI:
935 4235 1085 4310 uritiganit
1101 4238 1182 4293 Valla
1196 4236 1303 4313 indigi-

165 4318 241 4376 tauit
261 4319 527 4390 Srburtrsleiselrius
542 4313 555 4398 ll
571 4319 663 4376 alieri
677 4325 782 4392 scripsi
787 4321 875 4377 :lore
891 4322 971 4378 Valla
988 4320 1082 4378 fidere
1097 4341 1130 4378 se
1151 4324 1275 4379 arellius
1290 4317 1303 4400 ll

165 4413 182 4464 3
197 4407 347 4462 scaeuitia
366 4405 462 4473 Vultu,
476 4407 597 4461 corrasi
