2964 5002
171 361 234 430 '¹56
680 386 812 429 nassau
907 437 912 448 ¹

172 535 252 600 dera
279 541 451 599 mouentur
487 542 520 598 et
549 533 696 598 homiues
728 555 748 598 a
781 514 1049 618 nauigationibus
1084 532 1315 602 excluduntur.

171 654 264 701 1vsr1
286 635 432 701 continui
452 636 598 720 triginta.
641 651 858 700 Faesulanus
887 634 1006 721 quibus
1029 635 1081 699 fas
1109 644 1159 700 est
1187 634 1326 701 hostem'

171 738 258 804 bello
280 738 454 803 lacessere.
493 752 757 801 turnacensem
779 752 860 800 urus
885 746 961 802 sunt
980 739 1124 824 quinque
1143 740 1200 826 qui
1221 738 1315 803 iuxta

170 967 275 1030 potest:
301 961 498 1026 conperendini
517 962 614 1026 quibus
631 961 817 1010 uadimonium
835 961 904 1011 licet
924 961 1031 1011 dicere:
1054 962 1123 1010 stati
1147 963 1194 1026 qui
1217 963 1315 1013 iudicii

171 1047 256 1082 causa
280 1046 340 1080 cum
363 1029 509 1094 peregrino
533 1030 726 1087 instituuntur,
758 1034 789 1078 ut
812 1029 927 1079 Plautus
951 1031 979 1078 in
1003 1028 1182 1079 Curculione:
1218 1030 1314 1082 Status

172 1099 313 1148 condictus
337 1113 397 1147 cum
421 1096 498 1147 hoste
516 1097 677 1147 intercessit
694 1097 762 1146 dies.
798 1097 905 1146 hostem
927 1112 999 1146 nune
1022 1112 1095 1146 more
1114 1102 1208 1147 uetere
1228 1099 1315 1162 signi-

171 1167 237 1216 ficat
254 1166 437 1230 peregrinum.
473 1163 625 1228 praeliares
644 1165 679 1214 ab
698 1164 777 1213 iustis
795 1179 848 1213 non
861 1165 1076 1230 segregauerim,
1095 1164 1229 1229 siquidem
1248 1166 1315 1215 iusti

171 1239 235 1284 sunt
253 1233 377 1283 continui
395 1232 511 1295 triginta
530 1231 589 1281 dies
608 1232 705 1296 quibus
724 1233 859 1280 exercitui
877 1232 1010 1296 imperato
1028 1232 1160 1282 rrexillum
1178 1234 1250 1282 russi
1269 1250 1314 1283 eo·

171 1302 237 1351 loris
260 1302 289 1349 in
313 1316 377 1349 arce
401 1300 519 1364 positum
543 1304 599 1360 est,
623 1298 776 1363 praeliares
800 1304 890 1349 autem
915 1316 1008 1350 omnes
1031 1299 1129 1365 quibus
1148 1300 1191 1349 fas
1210 1306 1252 1350 est
1269 1316 1315 1351 res

170 1374 296 1434 repetere
315 1368 360 1417 uel
377 1367 482 1416 hostem
501 1365 648 1416 lacessere.
680 1382 743 1415 nam
762 1382 823 1416 cum
835 1367 943 1428 Latiar,
961 1367 1012 1416 hoc
1031 1373 1073 1417 est
1086 1367 1249 1417 Latinarum
1262 1368 1315 1418 sol·

170 1439 269 1496 lemae,
291 1436 451 1500 concipitur,
473 1435 539 1483 item
557 1434 893 1494 diebus'Saturnaliorum‚
914 1434 960 1483 sed
980 1440 1009 1484 et
1022 1449 1082 1483 cum
1095 1435 1212 1487 Mrrndus
1225 1440 1314 1500 patet,

170 1505 251 1554 nefas
271 1509 313 1553 ost
327 1502 464 1568 praelium
483 1508 602 1553 sumere:
626 1503 691 1566 quia
714 1517 766 1551 nec
784 1502 947 1551 Latinarum
965 1507 1101 1567 tempore,
1125 1518 1177 1566 quo
1201 1503 1314 1568 publice

171 1572 305 1637 quondam
326 1569 455 1619 induciae
479 1569 551 1618 inter
575 1568 704 1634 populum
722 1570 873 1619 Romanum
897 1570 1067 1635 Latinosque
1091 1569 1216 1620 firmatae
1240 1575 1314 1634 sunt,

169 1639 295 1689 inchoari
312 1637 414 1687 bellum
434 1636 560 1698 decebat,
580 1653 632 1686 nec
645 1636 757 1686 Saturni
770 1637 851 1696 festo,
866 1638 916 1701 'qui
929 1638 989 1686 sine
1006 1637 1062 1686 ullo
1075 1638 1192 1687 tumultu
1211 1638 1314 1689 bellico

170 1707 290 1757 ereditur
308 1706 468 1769 imperasse,
488 1719 540 1754 nec
559 1710 672 1768 patente
690 1705 800 1766 Mundo,
820 1705 889 1769 qaod
908 1721 1014 1754 sacrum
1033 1706 1093 1754 Diti
1111 1706 1184 1770 patri
1203 1711 1232 1755 et
1248 1707 1314 1756 Pro·

170 1773 431 1839 serpinaedicatum
442 1776 496 1830 est,
517 1772 669 1836 meliusque
680 1772 792 1822 occluso
806 1773 929 1822 Plutonis
941 1773 1020 1821 fauce
1032 1772 1149 1822 eundum
1163 1773 1198 1822 ad
1207 1773 1315 1839 proelia

169 1844 344 1907 putauerunt,
364 1839 435 1888 unde
451 1844 478 1888 et
489 1840 575 1888 Varro
589 1840 629 1888 ita
642 1840 751 1889 scribit:
764 1838 882 1889 Mundus
895 1856 955 1889 enm
968 1845 1054 1904 patet,
1069 1841 1181 1890 deorum
1193 1842 1314 1890 tristium

171 1915 252 1974 atque
277 1907 394 1956 inferum
418 1908 497 1970 quasi
522 1908 606 1956 ianua
628 1912 719 1971 patet:
744 1913 890 1972 propteroa
914 1923 967 1956 non
991 1907 1068 1957 modo
1087 1908 1223 1973 praelium
1242 1925 1314 1959 com·

169 1977 250 2035 mitti,
270 1991 364 2025 uerum
385 1975 468 2023 etiam
487 1975 618 2024 dilectum
637 1976 676 2024 rei
695 1974 824 2025 militaria
842 1990 928 2042 carisa
944 1974 1047 2025 habere
1067 1991 1099 2025 ac
1118 1976 1235 2026 militem
1252 1992 1313 2042 pro·

169 2044 267 2103 deieci,
286 2057 386 2091 narrem
405 2043 526 2101 soluere,
541 2058 649 2091 uxorem
667 2041 783 2091 liberum
803 2043 1018 2107 quaerendorum
1037 2044 1251 2103 consedissem,
1272 2059 1313 2094 re-

169 2111 296 2175 ligiosum
315 2115 365 2159 est.
401 2109 530 2160 uitabant
547 2115 656 2159 ueteres
675 2109 709 2158 ad
726 2111 798 2160 uiros
816 2110 955 2159 uocandos
974 2111 1058 2159 etiam
1077 2111 1137 2160 dies
1155 2113 1201 2176 qui
1221 2116 1315 2161 essent
1328 2126 1338 2143 ²

170 2178 260 2228 notati
278 2177 359 2226 rebus
378 2176 514 2227 aduersis:
533 2178 672 2227 'uitabant
696 2178 779 2226 etiam
798 2178 900 2238 ferias,
927 2178 1000 2228 sicut
1023 2178 1109 2229 Varro
1128 2179 1156 2228 in
1180 2194 1314 2244 augurum

169 2246 246 2296 libris
265 2245 362 2294 scribit
379 2245 407 2293 in
425 2245 496 2311 baec¹
515 2245 614 2293 uerbo:
634 2245 713 2294 Viros
731 2260 834 2295 uocare
848 2245 925 2295 feriis
938 2261 993 2295 non
1006 2251 1128 2310 oportet:
1147 2247 1171 2297 si
1189 2247 1312 2309 uocauit,

169 2313 309 2378 piaculum
334 2318 402 2362 esto.
439 2312 579 2362 sciendum
599 2317 753 2362 esttamen
772 2313 894 2378 eligendi
917 2313 952 2362 ad
973 2314 1150 2378 pugnandum
1168 2314 1241 2363 diem
1260 2315 1313 2364 Ro·

169 2382 258 2431 manis
276 2386 342 2430 tunc
360 2380 446 2430 fuisse
464 2380 615 2440 licentiam,
636 2381 659 2430 si
678 2381 730 2445 ipsi
741 2381 878 2430 inferrent
890 2380 1004 2431 bellum:
1025 2387 1054 2431 at
1067 2396 1127 2430 cum
1141 2382 1312 2447 exciperent,

170 2449 272 2498 nullum
290 2448 432 2497 obstitisse
451 2448 539 2510 diem,
564 2463 616 2512 quo
639 2448 727 2497 minus
750 2448 793 2497 uel
813 2448 930 2497 salutem
949 2463 1026 2497 susm
1044 2449 1090 2498 uel
1107 2448 1248 2513 publicam
1266 2449 1313 2499 de-

170 2516 316 2566 fenderent
338 2515 509 2580 dignitatem.
530 2517 607 2579 vquis
631 2515 702 2564 enim
721 2516 908 2564 obseruationi
927 2515 1018 2577 locus,
1044 2531 1104 2565 eum
1130 2516 1252 2581 eligendi
1271 2518 1313 2567 fs·

170 2585 260 2633 cultas
279 2599 332 2633 non
350 2581 488 2648 supersit?
516 2582 574 2631 dios
594 2588 685 2631 autem
703 2583 896 2647 postriduanos
921 2583 954 2632 ad
978 2585 1069 2633 omnia
1088 2584 1206 2634 maiores
1225 2586 1313 2635 nostri

170 2652 309 2701 cauendus
327 2656 466 2716 putarunt.
487 2665 553 2715 quos
573 2652 657 2699 etiam
677 2656 751 2699 atros
765 2651 841 2699 uelut
860 2650 982 2700 infausta
997 2651 1184 2716 appellatione
1200 2651 1312 2702 damna-

169 2725 244 2768 runt:
265 2720 374 2769 eosdem
393 2725 485 2767 tamen
504 2717 628 2768 nonnulli
641 2733 797 2767 communes
809 2718 887 2767 uelut
906 2718 941 2767 ad
954 2718 1175 2769 emendationem
1193 2720 1313 2770 nominis

169 2789 375 2836 uocitauerunt:
405 2786 499 2834 horum
524 2800 635 2834 corisum
654 2785 760 2836 Gellius
780 2786 919 2834 annalium
942 2785 1012 2836 libro
1037 2787 1131 2850 quinto
1156 2787 1263 2837 decimo
1285 2794 1313 2837 et

170 2854 282 2903 Cassius
299 2854 418 2902 Hemina
435 2853 611 2902 historiarum
630 2852 698 2902 libro
717 2854 837 2902 seeundo
856 2855 987 2902 referunt.
1019 2870 1090 2904 anno
1107 2855 1143 2903 ab
1161 2855 1229 2904 urbe
1248 2871 1312 2905 eon·

169 2922 227 2971 dita
244 2921 442 2987 trecentesimo
459 2922 629 2985 sexagesimo
654 2923 736 2969 tertio
761 2938 777 2969 a
795 2922 911 2970 tribunis
930 2922 1045 2970 militurn
1065 2922 1187 2983 Vergilio
1206 2922 1311 2973 bfunlio

168 2989 285 3038 Aemilio
301 2989 442 3037 Postumio
455 2989 624 3052 collegisque
638 3005 729 3037 corum
749 2990 776 3037 in
796 2995 894 3038 senatu
906 2993 1055 3038 tractatum
1070 2990 1134 3053 quid
1145 2996 1219 3040 esset
1232 3007 1310 3057 prop·

169 3061 212 3105 ter
235 3056 305 3120 quod
324 3056 407 3105 toties
425 3056 498 3104 intra
522 3071 623 3120 paucos
647 3071 733 3105 annos
752 3056 823 3105 male
844 3062 918 3106 essct
936 3057 1044 3106 afflicta
1065 3058 1254 3121 respublica:
1284 3063 1312 3108 et

169 3139 201 3171 ex
224 3129 374 3188 praecepto
392 3129 499 3187 patrum
518 3124 549 3172 L.
565 3124 709 3187 Aquinium
722 3123 894 3188 haruspicem
915 3125 942 3172 in
956 3133 1081 3173 senatum
1093 3125 1189 3174 uenire
1208 3128 1312 3177 iussum

168 3190 330 3252 religionum
350 3191 574 3255 requirendorum
587 3193 679 3255 gratia
697 3191 812 3240 dixisse:
833 3193 865 3253 Q.
881 3192 1030 3256 Sulpiciam
1044 3193 1181 3241 tribunum
1196 3195 1311 3244 militum

169 3258 205 3306 ad
223 3258 324 3307 Alliam
345 3259 477 3308 aduersus
496 3258 590 3307 Gallos
613 3265 797 3322 pugnaturum
821 3275 878 3309 rem
902 3260 1023 3308 diuinam
1046 3260 1197 3310 dimicandi
1221 3263 1311 3326 gratia

169 3325 269 3374 fecisse
293 3327 425 3389 postridie
449 3325 513 3375 Idus
533 3326 684 3387 Quintiles,
709 3328 774 3376 item
799 3327 871 3391 apud
896 3327 1051 3377 Cremeram
1075 3327 1221 3392 multisque
1247 3329 1312 3380 aliis

92 3413 97 3419 ·
168 3394 338 3457 temporibus
358 3401 384 3443 et
402 3393 471 3443 loeis
490 3399 552 3458 post
570 3394 736 3443 sacrificium
760 3392 804 3443 die
827 3400 937 3458 postero
962 3395 1130 3444 celebratum
1155 3396 1227 3445 male
1252 3413 1311 3447 ees·

168 3461 238 3509 sisse
263 3461 427 3513 conflictum.
464 3468 530 3510 tunc
554 3468 648 3525 patres
673 3463 786 3512 iussisse
810 3468 839 3510 ut
863 3462 897 3511 ad
922 3462 1069 3526 collegium
1092 3464 1253 3527 pontificum
1277 3465 1310 3515 do

167 3527 210 3575 his
230 3529 409 3590 religionibus
427 3529 576 3578 referretur
594 3529 792 3594 pontificesque
805 3531 936 3579 statuisse
949 3530 1082 3595 postridie
1101 3547 1195 3580 omnes
1208 3533 1310 3582 Kalen·

168 3594 217 3643 das
236 3596 329 3644 Nonas
348 3596 412 3645 Idus
431 3603 505 3645 atros
524 3597 582 3645 dies
600 3596 750 3658 habendos,
771 3605 801 3646 ut
818 3598 847 3646 hi
866 3597 925 3647 dies
943 3613 1031 3662 nequo
1051 3599 1204 3662 praeliares
1221 3616 1310 3666 neque

167 3663 227 3726 puri
246 3678 334 3726 neque
353 3663 509 3714 comitiales
529 3670 628 3713 esseut.
666 3665 714 3714 sed
733 3670 760 3714 et
778 3665 883 3716 Fabius
901 3662 1036 3714 Maximus
1056 3666 1226 3718 Seruilianus
1244 3685 1311 3733 pon·

167 3730 235 3779 tifex
255 3731 283 3779 in
301 3731 372 3780 libro
391 3731 443 3779 XII
462 3736 549 3795 negat
566 3738 691 3796 oportere
711 3738 771 3782 atro
790 3733 834 3781 die
853 3738 1016 3798 parentare:
1037 3734 1101 3798 quia
1119 3739 1184 3784 tunc
1203 3752 1309 3801 quoque

166 3797 262 3847 Ianum
281 3798 428 3862 Iouemque
448 3799 570 3863 praefari
588 3815 702 3849 neeesse
723 3807 773 3862 est,
793 3816 860 3864 quos
874 3802 1013 3850 nominare
1027 3805 1088 3850 atro
1106 3801 1150 3850 die
1165 3818 1218 3852 non
1233 3820 1310 3868 opor·
1329 3825 1331 3829 ¹

166 3870 216 3914 tet.
253 3870 317 3915 ante
337 3866 408 3915 diem
427 3882 532 3930 quoque
552 3873 678 3932 quartum
798 3869 916 3917 Sextiles
941 3867 1010 3925 isira!
1033 3869 1111 3917 verbu
1131 3871 1206 3929 Gelli,
1231 3889 1253 3921 o.
1273 3874 1309 3921 iu·

166 3982 369 3991 *-

254 4060 263 4110 Ι
277 4058 424 4108 uocantur
436 4051 470 4106 M
472 4047 477 4085 ¹
490 4061 649 4109 mouantur
660 4047 706 4109 M²
721 4047 734 4134 Η
749 4053 992 4111 nauicationibus
1004 4049 1042 4110 B¹
1058 4055 1310 4130 natrigneiouibus

166 4131 201 4191 24¹
218 4129 232 4216 Η
248 4134 449 4194 excluduntur
468 4136 571 4213 quinto
593 4136 710 4194 decimo
731 4137 780 4195 dio
797 4138 835 4196 <le
857 4139 999 4196 Ianuario
1015 4149 1046 4197 ct
1068 4140 1173 4218 quinto
1192 4140 1309 4201 decimo

166 4219 215 4277 die
231 4219 269 4278 de
287 4220 454 4280 Februario
467 4224 503 4277 of.
528 4215 541 4301 Η
556 4231 572 4280 2
589 4222 636 4278 isti
655 4224 767 4281 ABGM
787 4219 800 4304 Η
822 4225 946 4299 triginta
958 4233 1028 4282 sunt
1043 4226 1101 4281 AM
1115 4218 1128 4303 Η
1144 4227 1311 4301 proeliares

165 4306 216 4361 BG
232 4305 394 4381 proeliales
412 4307 446 4362 M
456 4297 470 4384 Η
486 4307 653 4382 praeliares
667 4306 732 4365 dies
749 4317 818 4366 sunt
835 4313 859 4366 Α
875 4303 888 4389 Η
902 4308 933 4366 in
951 4308 1060 4388 quibus
1080 4312 1141 4367 BM
1153 4306 1166 4391 Η
1184 4313 1232 4370 fus
1248 4314 1281 4369 M
1297 4308 1308 4393 Η

164 4397 181 4448 3
198 4388 227 4445 in
244 4388 324 4448 bello
337 4392 425 4449 BGM
437 4385 450 4472 Η
466 4391 614 4450 laciseore
633 4387 700 4450 13¹1}
713 4391 814 4451 lacere
827 4390 862 4451 ΑΙ
879 4394 1033 4452 laseseere
1045 4389 1084 4451 Α2
