2964 5002
164 346 225 423 490
512 402 526 427 .
586 379 619 420 1u
632 376 732 422 vrusn
747 378 896 420 nanuum
917 427 921 435 ,

164 533 241 591 tales
258 531 398 590 exhibet:
421 536 487 588 anm
507 535 655 589 Insaniam
677 534 810 589 nobilium
824 538 852 587 ct
870 534 970 589 laredes
986 533 1108 605 sarasar
1121 537 1206 605 petit,
1233 536 1306 591 dam

164 635 293 707 africani
309 651 403 691 nocem
429 638 495 690 dam
514 642 542 690 ct
560 635 677 690 inbutus
697 641 725 691 et
744 636 838 691 onidis
857 637 991 702 attubus,
1013 639 1080 692 dnm
1102 638 1142 691 aa
1159 637 1251 707 firnm
1274 653 1306 693 se
1356 658 1362 667 ¹

164 743 281 794 cantare
295 744 321 792 et
335 739 429 793 lelium
440 737 596 810 prtlcbrnrn
608 744 699 808 putat.
734 735 792 795 Vbi
813 755 955 795 numeros
971 734 1161 796 duriusculos
1180 737 1307 809 sacosas

164 842 265 896 laudes
278 842 363 915 petit,
386 858 461 916 quos
477 835 580 896 subtili
596 838 711 896 aurium
726 836 839 896 iudicio
853 839 890 897 F.
906 837 945 896 A.
961 837 1090 897 Wolfius
1106 838 1304 918 repudiabat,

166 940 258 999 ceteri
273 938 342 998 libri
359 958 464 998 omnes
484 947 608 997 tuentur
628 958 692 998 non
708 939 810 1017 ‘minus
833 937 944 998 vitiose
965 958 1056 1019 quam
1082 940 1115 997 in
1136 943 1199 999 fine
1218 942 1306 1000 tertii

164 1061 270 1100 versus
284 1051 367 1114 palat
378 1043 548 1114 psolebrnm,
576 1060 665 1119 quem
686 1039 825 1099 ordinem
839 1039 1001 1099 verborum
1016 1041 1131 1120 primus
1145 1041 1305 1101 Asulanus

167 1143 350 1201 emendabat
366 1144 397 1201 in
415 1143 555 1220 exemplo
571 1142 698 1201 Aldina.

249 1245 328 1303 Item
342 1265 433 1304 versu
448 1244 585 1323 proximo
602 1243 739 1322 quamvis
756 1250 935 1321 portentosa
955 1245 1129 1322 corruptela
1144 1242 1218 1303 noce
1230 1249 1305 1303 'dorm

96 1413 99 1420 Ι
166 1354 194 1404 et
210 1348 326 1407 innatas
342 1355 369 1407 ct
383 1338 528 1424 scriptum
542 1345 581 1404 sit
596 1365 651 1424 pro
669 1364 704 1404 eo
721 1343 804 1424 quod
827 1344 920 1403 ceteri
941 1353 1102 1404 servarunt
1118 1363 1189 1404 uoce
1203 1349 1306 1405 diuina

166 1451 271 1516 inhiet,
295 1457 398 1507 tamen
418 1448 470 1506 vel
489 1447 539 1505 hic
561 1446 722 1523 vestigium
738 1446 803 1504 veri
826 1446 858 1503 in
875 1462 971 1503 uocem
994 1447 1144 1525 scriptura
1164 1450 1305 1509 relictum

167 1559 227 1609 est:
251 1549 375 1629 quando
391 1549 579 1609 accusativos
601 1548 715 1627 requiri
736 1564 833 1605 nocem
849 1550 975 1605 diuinam
997 1547 1057 1606 iam
1071 1549 1210 1609 Muretus
1232 1571 1304 1629 per·

167 1650 277 1729 spexit.
321 1652 370 1710 Ne
386 1651 453 1730 quis
476 1651 557 1709 enim
572 1653 654 1707 aucei
668 1653 763 1706 uncins
778 1649 808 1707 h.
826 1668 852 1707 e.
869 1652 935 1707 noct
947 1653 1062 1707 diuinae
1077 1651 1195 1729 potius,
1219 1652 1305 1732 quod

166 1750 316 1830 probabat
329 1753 445 1810 Daniel
458 1751 620 1823 Heinsius,
645 1750 826 1808 delitescere
843 1751 879 1808 in
892 1749 965 1808 ucoca*
984 1754 1050 1809 dum
1070 1760 1099 1809 et
1119 1754 1303 1832 suspicetur,

166 1852 368 1930 reputandum
384 1862 430 1911 est
444 1850 662 1930 posterioribus
680 1851 799 1910 demum
820 1852 1032 1930 scriptoribus,
1056 1855 1157 1933 poetis
1178 1844 1304 1934 petissi-

166 1974 259 2026 mum,
288 1953 423 2013 dativum
443 1953 609 2032 placuisse,
632 1953 730 2031 ipsum
753 1954 959 2013 accusativum
979 1954 1037 2013 hoc
1059 1954 1184 2034 quidem
1205 1976 1304 2036 appe·

166 2054 253 2113 tendi
268 2056 440 2132 significatu
455 2055 644 2133 antiquiores
666 2054 829 2133 probasse,
850 2055 936 2114 velut
957 2075 1023 2114 eum
1046 2058 1233 2115 hereditatem
1251 2060 1304 2118 vel

165 2175 269 2213 narsem
286 2157 338 2216 vel
352 2160 424 2215 bona
438 2158 551 2213 inbiarc
565 2157 691 2215 Plautus
708 2155 786 2215 dixit
806 2156 900 2216 Stich.
919 2164 980 2219 605.
1000 2157 1071 2217 Aul.
1088 2169 1129 2231 11,
1146 2167 1177 2231 2,
1203 2166 1245 2222 17.
1257 2167 1304 2222 89.

165 2258 230 2316 Mil.
247 2263 309 2320 715.
332 2255 437 2336 (1199.)
470 2258 562 2316 urus.
577 2269 620 2331 11,
636 2267 668 2331 3,
687 2266 733 2330 18,
755 2267 873 2316 mortem
889 2258 1013 2318 alicuius
1031 2258 1183 2319 Caecilius
1205 2281 1235 2321 v.
1255 2269 1305 2325 147

166 2358 272 2418 Ribb.:
300 2380 370 2419 uam
390 2363 523 2418 uberibus
541 2362 648 2433 lupinis
666 2362 820 2417 inhiantem
842 2362 993 2418 Romulum
1015 2379 1081 2419 cum
1101 2359 1176 2422 dicit
1192 2362 1304 2423 Cicero
1327 2402 1332 2411 ,

166 2462 199 2520 in
216 2461 306 2521 Catil.
323 2472 377 2535 111,
393 2471 419 2535 8,
439 2470 483 2534 19,
500 2461 626 2540 propria
640 2460 729 2520 verbi
744 2463 828 2519 notio
845 2470 969 2520 servata
984 2470 1040 2520 est.

250 2564 432 2642 Insequenti
454 2583 544 2622 versu
565 2583 631 2621 cum
653 2582 669 2621 e
691 2563 879 2638 noviciorum
901 2562 1039 2622 codicum
1065 2566 1213 2623 memoria
1235 2570 1304 2624 dorm

167 2667 327 2739 adsertam
345 2683 375 2723 sc
390 2669 534 2722 coenitare
550 2666 725 2739 (coenitare,
743 2664 933 2740 coemptam),
956 2685 1116 2724 mensurae
1138 2654 1172 2725 ut
1193 2687 1303 2727 consu-

167 2768 258 2838 leret,
286 2772 351 2824 dnm
376 2784 406 2822 se
428 2771 466 2824 ad
484 2770 606 2824 Furiam
626 2785 748 2824 coornrro
775 2769 902 2826 Wolfius
931 2768 1099 2837 effecisset,
1129 2778 1160 2826 et
1187 2770 1303 2846 proditi

167 2866 327 2928 verborum
343 2868 458 2926 ordinis
477 2879 507 2926 et
523 2871 637 2928 formae
654 2870 900 2948 frequentativae
923 2869 1072 2929 tutandae
1088 2870 1169 2928 viam
1186 2891 1304 2930 rursum

168 2973 249 3029 solus
270 2971 425 3028 Parisinus
453 2972 647 3030 monstravit:
673 2972 705 3028 in
734 2972 816 3029 euius
838 2972 987 3049 scriptura
1009 2969 1070 3044 firrl
1092 2991 1153 3029 nen
1179 2975 1303 3031 Furiam

166 3074 277 3143 latere,
306 3073 388 3151 quod
411 3092 449 3130 ex
470 3063 615 3130 inferiore
629 3092 726 3130 uersu
748 3094 777 3150 p.
800 3081 846 3145 ⁶28,
869 3083 886 3133 4
906 3073 963 3130 lure
985 3073 1133 3131 adscitum
1156 3083 1217 3147 est,
1247 3077 1304 3134 sed

167 3175 261 3250 ipsius
276 3175 360 3231 Furii
376 3175 456 3232 illius
473 3193 641 3250 cognomen
665 3176 776 3231 Pbilum
799 3176 882 3232 felici
904 3176 1188 3234 acumineliotbius
1213 3177 1304 3236 adse·

167 3284 250 3332 cutus
268 3283 322 3332 est.

252 3376 448 3435 Gravioribus
463 3375 557 3434 turbis
573 3377 710 3455 proxima
732 3378 842 3435 affecta
861 3387 940 3436 sunt.
979 3378 1113 3455 Quorum
1134 3399 1201 3437 cum
1223 3380 1301 3440 baec

168 3487 248 3536 esset
264 3479 295 3535 in
312 3477 394 3535 libris
412 3480 538 3536 noviciis
555 3479 691 3556 speeies:
714 3482 780 3535 diora
801 3497 832 3535 se
852 3485 947 3536 (ornari
966 3485 1001 3536 ab
1024 3484 1068 3537 bis
1089 3485 1181 3537 eredit
1200 3487 1304 3541 erebro

166 3585 196 3637 in
221 3584 359 3637 albanum·
377 3585 446 3654 rapi
466 3585 504 3637 orn
521 3562 621 3653 florem
645 3585 746 3638 aetntis
770 3563 841 3638 snae
866 3587 936 3655 ipsis
968 3581 1038 3659 (vel
1057 3581 1155 3657 ipsiu)
1184 3588 1305 3642 sublatis

166 3687 251 3740 rebus
274 3666 312 3740 ael
332 3703 469 3740 srennnam
490 3687 613 3755 itnrpiam
636 3687 771 3740 recinctus
792 3694 849 3749 cst,
872 3705 951 3762 quae
975 3684 1068 3742 verba
1087 3683 1214 3742 duarum
1236 3705 1304 3744 ver·

167 3806 252 3843 sutum
268 3785 410 3843 ambitum
426 3794 587 3862 superant,
617 3805 679 3842 nou
702 3785 775 3842 satis
797 3794 867 3843 siunt
888 3785 926 3843 ad
946 3795 1009 3844 tres
1026 3785 1244 3862 complendos,
1273 3798 1304 3845 et
1337 3846 1342 3857 ,

167 3887 278 3945 Wolfio
296 3878 440 3965 et'nuper
455 3887 565 3945 Rotbio
582 3898 611 3944 et
632 3885 721 3944 nobis
738 3887 809 3944 olim
831 3888 905 3965 ipsis
922 3888 997 3945 baec
1012 3888 1063 3943 via
1083 3885 1222 3945 ineunda
1237 3870 1304 3947 visa

168 3997 214 4048 est
239 3997 271 4046 ut
296 3977 489 4045 intercidisse
517 3988 668 4067 quruedam
694 3998 879 4067 putaremus.
924 3972 1015 4065 Quali
1041 3997 1143 4045 tamen
1172 3989 1304 4048 lacunae

167 4088 361 4168 supplendae
386 4107 463 4167 quae
489 4090 539 4147 vel
565 4111 583 4147 a
603 4091 714 4149 Wolfio
741 4092 791 4148 vel
813 4111 830 4147 a
852 4091 963 4148 Rothio
989 4098 1138 4167 temptata
1157 4100 1229 4148 sunt
1257 4091 1304 4168 (in

168 4192 250 4249 cuius
267 4190 577 4266 argumentationibus
593 4214 624 4272 p.
643 4201 692 4254 178
707 4212 752 4271 sq.
775 4193 952 4271 perscriptis
974 4192 1051 4249 nihil
1073 4189 1154 4270 quod
1177 4191 1302 4268 probari

167 4300 272 4369 posset
286 4289 422 4365 iuveni),
446 4310 548 4349 eorum
569 4294 704 4371 plurimis
721 4293 760 4351 de
776 4294 889 4352 calrssis
907 4293 1012 4371 eisque
1035 4294 1107 4351 satis
1128 4293 1303 4352 manifestis

169 4393 267 4450 nullus
283 4412 406 4474 prorsus
422 4412 491 4452 usus
515 4401 569 4451 est.
608 4394 700 4475 Quod
721 4403 842 4467 contra,
866 4395 892 4452 si
914 4393 1005 4452 morlo
1028 4393 1199 4454 dolaenus
1220 4397 1302 4472 eogi-
