2964 5002
167 359 229 423 318
446 371 641 414 caruaoavu
664 371 830 412 urancava
854 372 1030 421 aauruvme

420 517 530 601 Reges
553 519 774 582 Rornanorum
796 538 931 581 nurnero
952 517 1049 581 VIII.

167 636 329 684 nouvuvs
346 619 463 683 Martis
481 627 515 682 et
536 619 619 683 Iliae
638 617 726 681 filius
740 619 894 702 regnauit
910 641 1013 684 anuos
1029 618 1233 683 XXXVIII.
1264 642 1318 684 ur·

166 723 241 786 bem
270 721 407 784 Romam
436 720 582 784 condidit
615 718 677 782 XI.
704 718 780 782 Xal.
810 720 908 802 Mai,
941 721 998 805 qui
1031 721 1103 785 dies
1130 720 1320 809 appellatur

166 822 298 886 Parilia.
338 823 392 887 hie
412 821 447 885 X
469 843 597 885 meuses
619 823 654 885 in
677 842 797 884 aunum
821 823 991 886 constituit
1012 822 1168 887 aMartio
1191 826 1227 886 iu
1249 822 1319 885 De·

165 924 337 988 cembrem.
382 922 470 986 mille
493 924 629 986 iuuenes
653 922 693 985 de
715 921 811 1007 plebe
834 924 982 987 Romana
1003 922 1102 1008 legit,
1150 945 1235 1010 quos
1257 924 1341 987 nri-s

166 1027 239 1091 lites
265 1024 462 1112 appellauit,
492 1033 524 1087 et
553 1032 682 1087 centum
712 1024 873 1107 seniores,
911 1046 992 1110 quos
1021 1034 1189 1089 senatores
1219 1024 1318 1088 dixit.

166 1129 369 1212 congiarium
394 1125 486 1189 dedit
506 1125 658 1209 congium
681 1126 749 1188 uiui
771 1127 858 1190 iuter
878 1126 1027 1191 homiues
1050 1125 1131 1190 XII.
1161 1126 1216 1190 liic
1240 1147 1318 1189 cum

167 1237 257 1292 natat
280 1228 322 1292 ad
344 1225 495 1314 paludem
514 1246 632 1311 caprae
652 1226 760 1290 subito
782 1247 943 1313 nusquam
965 1229 1159 1314 comparuit.
1199 1228 1235 1291 iu
1257 1248 1317 1290 uu·

167 1351 290 1395 merum
313 1329 447 1393 deorum
469 1327 591 1391 relatus
612 1326 693 1392 deus
717 1326 875 1407 Quirinus
898 1327 1080 1414 appellatus
1101 1337 1160 1392 est
1211 1344 1317 1392 ‘nrvs

166 1446 291 1496 rurrvs
313 1430 382 1494 dux
401 1427 595 1493 Sabinorum
618 1449 692 1492 cum
708 1428 847 1493 Romulo
867 1430 1142 1514 regnauit-annos
1156 1430 1352 1515 quinquen

167 1533 220 1599 hic
252 1532 426 1618 Tarpeiam
462 1531 623 1616 uirginem
651 1528 819 1593 Vestalem
839 1531 963 1615 ‚uiuam
989 1531 1088 1595 armis
1118 1530 1249 1594 defodit
1277 1551 1316 1598 eo

166 1634 253 1721 quod
281 1642 407 1697 secreta
432 1630 562 1695 Romuli
588 1632 618 1694 ei
646 1629 1013 1718 propalarenoluisset,
1062 1648 1160 1696 avua
1191 1647 1316 1695 Poner-

371 1803 394 1852 is
413 1818 500 1868 genus
518 1802 637 1852 indocile
658 1819 691 1852 ac
710 1803 862 1868 ‹lispersuur
881 1804 1018 1854 montibus
1038 1803 1103 1854 altIs

370 1871 524 1936 composuit
541 1870 673 1937 legesque
692 1870 767 1920 dedit
784 1873 949 1937 Latiumque
967 1873 1063 1924 uocari

370 1937 481 2000 maluit,
498 1938 544 1987 his
563 1939 692 2002 quoniam
710 1937 840 1990 latuisset
858 1945 933 1990 tutus
952 1940 980 1989 in
999 1941 1063 1990 oris.

371 2020 510 2122 aurcapue
528 2011 559 2054 ut
576 2006 723 2070 perhibent
741 2005 789 2057 illo
807 2008 857 2057 sub
876 2023 941 2075 rege
960 2009 1039 2058 fuere

370 2089 494 2124 sacena.

166 2144 215 2195 sed
237 2142 308 2193 haec
330 2143 443 2208 poetica
465 2141 612 2207 opinentur
635 2156 696 2192 csso
719 2141 851 2206 figmenta
874 2148 903 2192 et
921 2143 982 2192 Pici
1004 2147 1111 2208 patrem
1129 2142 1249 2194 stercen
1266 2158 1315 2210 po·

166 2213 221 2262 tius
239 2212 326 2262 fuisse
351 2214 526 2273 asseuerant,
553 2226 570 2258 a
592 2224 645 2274 quo
663 2211 831 2275 peritissimo
854 2211 979 2274 agricola
997 2212 1138 2261 inuentum
1157 2211 1260 2273 fonrnt,
1285 2216 1316 2261 ut

166 2280 229 2330 limo
252 2278 412 2329 animalium
437 2277 497 2342 agri
521 2277 750 2341 fecundarentur,
774 2277 846 2344 quod
869 2278 905 2327 ab
929 2279 990 2328 elus
1013 2279 1123 2329 uomiue
1141 2283 1253 2329 stercus
1271 2284 1315 2328 est

166 2348 283 2398 dictum:
305 2346 378 2396 hunc
403 2344 514 2410 quidam
536 2345 704 2395 stercutium
726 2350 856 2396 uocatum
879 2347 980 2396 ferunt.
1016 2346 1142 2411 qnalibet
1168 2352 1261 2397 autern
1281 2362 1316 2397 ex

166 2430 253 2466 eausa
272 2429 333 2466 eum
351 2412 497 2464 Saturnum
516 2412 658 2479 appellare
676 2413 826 2475 noluerint,
850 2419 926 2464 certe
943 2419 1038 2464 nmen
1055 2412 1127 2464 huuc
1146 2413 1316 2465 stercutium

166 2482 264 2534 merito
284 2481 471 2547 agriculturae
488 2481 615 2530 fecerunt
633 2480 721 2530 deum.
757 2480 854 2530 Picum
873 2496 980 2546 quoque
998 2482 1127 2532 similiter
1148 2482 1209 2532 eiua
1227 2482 1316 2532 filium

167 2568 196 2602 m
219 2551 316 2601 talium
340 2549 451 2600 deorum
474 2563 614 2597 numerum
634 2553 812 2614 receperunt,
838 2564 918 2614 quem
941 2548 1113 2615 praeclarum
1133 2564 1268 2615 augurem
1287 2554 1316 2600 et

168 2619 391 2686 belligeratorem
414 2617 500 2666 luisse
520 2622 654 2666 asserunt.
691 2616 773 2666 Picus
787 2618 911 2666 Faunum
926 2618 1023 2683 genuit
1034 2618 1206 2667 Laurentum
1220 2632 1315 2684 regem

167 2687 328 2737 secundum:
358 2685 441 2734 etiam
465 2685 518 2733 iste
542 2685 609 2733 deus
631 2683 688 2733 illis
712 2684 757 2734 uel
781 2690 824 2733 est
844 2685 889 2733 uel
913 2686 974 2734 fuit.
1011 2685 1060 2734 hos
1079 2689 1142 2735 autc
1161 2685 1314 2735 Troianum

168 2755 270 2804 bellum
289 2751 397 2801 diuinos
420 2751 538 2801 honores
557 2752 669 2800 mortula
687 2751 843 2802 hominibus
862 2751 1036 2802 detulerunt’

252 2820 400 2870 dlsidorus
420 2821 507 2885 origg.
521 2819 601 2868 Vllll
620 2817 691 2877 331:
725 2821 812 2869 ‘miles
826 2821 916 2869 dictim
929 2822 993 2884 quia
1007 2821 1080 2870 mille
1100 2826 1181 2870 erant
1200 2829 1266 2871 ante
1286 2822 1314 2870 iu

167 2905 279 2940 numero
302 2903 355 2935 uno
377 2887 423 2936 nel
448 2888 512 2951 quia
536 2902 605 2935 unus
629 2894 671 2936 est
696 2904 728 2936 ex
751 2887 826 2937 mille
847 2888 961 2938 clectus.
997 2888 1127 2938 Romulus
1147 2894 1239 2938 autem
1259 2891 1314 2954 pri·

168 2973 226 3007 mus
246 2972 278 3005 ex
296 2954 396 3021 populo
414 2955 514 3004 milites
532 2955 646 3019 sumpsit
665 2959 692 3003 ct
712 2955 882 3020 appellauit!
900 2956 1054 3006 'Eusebius
1081 2971 1184 3006 armen.
1206 2957 1250 3006 01.
1273 2957 1313 3019 ll,

167 3024 196 3075 3:
218 3023 356 3073 ‘Romulus
375 3023 477 3087 primus
496 3039 510 3071 e
530 3021 613 3087 uulgo
624 3023 728 3072 milites
747 3024 816 3089 legit
834 3039 969 3088 senesque
988 3024 1094 3074 nobiles
1108 3024 1129 3074 C
1143 3024 1213 3074 fecit
1232 3040 1313 3074 scua-

167 3098 241 3142 tores
260 3097 287 3140 ct
306 3107 337 3140 ex
358 3091 461 3140 eisdem
479 3091 613 3155 patricios
631 3092 845 3155 cognominauit.
883 3092 986 3156 templa
1003 3093 1069 3141 item
1089 3097 1118 3141 et
1135 3093 1246 3142 moenia
1260 3094 1313 3142 llo·

167 3176 228 3209 mae
249 3158 427 3209 acdificauit.'
464 3159 648 3221 Hieronymus
667 3158 709 3208 Ol.
729 3158 752 3219 7,
776 3158 800 3207 l:
823 3159 961 3209 ‘Romulus
979 3161 1081 3224 primus
1100 3159 1203 3209 milites
1223 3176 1314 3226 sump-

167 3230 204 3277 sit
223 3245 256 3277 er
274 3227 374 3292 populo
394 3231 421 3276 ct
439 3226 622 3276 nobilissimos
642 3242 722 3276 senes
742 3227 776 3276 ob
796 3232 915 3276 aetatem
940 3234 1099 3287 senatores,
1125 3228 1159 3277 ob
1184 3228 1315 3278 similitu-

167 3296 258 3345 dinem
278 3311 361 3344 curae
380 3300 473 3360 patres
493 3293 665 3360 appellauit'
701 3294 846 3358 syncellus
864 3311 890 3374 p.
911 3293 975 3345 367:
1001 3289 1144 3360 ‘Poipvloc
1156 3294 1269 3359 πρῶτος
1283 3287 1315 3346 ἔτι

167 3361 219 3413 τοῦ
239 3355 332 3428 δήμου
351 3355 537 3426 ἐστράτευσεν
554 3351 665 3425 ἄνδρας
683 3363 886 3428 συγκλητικους
904 3378 933 3413 τε
947 3355 970 3425 o'
1002 3357 1119 3424 ἔροντας
1132 3354 1250 3427 ἐποίησε
1264 3362 1315 3414 sol

167 3429 337 3497 πατρικίους
355 3423 385 3493 ἐξ
404 3422 498 3480 αὐτῶν
516 3422 650 3493 ἐκάλεσε,
668 3424 756 3488 aanor
774 3445 803 3481 τε
822 3427 871 3480 καὶ
884 3430 964 3496 τείχη
984 3378 1015 3482 dv
1027 3423 1119 3496 Ῥώμῃ
1135 3421 1315 3497 ᾤκοὸόμησε.

254 3499 282 3547 ll
303 3501 389 3549 Varro
408 3500 440 3550 L.
458 3500 490 3548 L.
510 3498 533 3547 V
554 3497 602 3547 el:
629 3499 682 3546 ‘hic
706 3515 782 3549 mons
806 3505 870 3549 ante
893 3500 1028 3564 Tarpeius
1051 3499 1141 3548 (lictus
1165 3515 1183 3548 a
1206 3501 1317 3565 uirgine

166 3566 280 3616 Vestale
300 3568 435 3633 Tarpeia,
461 3582 531 3632 quac
556 3567 595 3616 ibi
621 3583 637 3615 a
656 3567 766 3616 Sabinis
789 3572 891 3617 necata
917 3568 999 3617 aruris
1025 3572 1052 3615 et
1067 3566 1192 3631 sepulta,
1217 3569 1315 3631 quoius

167 3636 285 3685 nominis
303 3642 505 3686 monumentum
524 3634 663 3691 relictum,
689 3635 759 3699 quod
784 3636 868 3693 etiarn
894 3650 967 3684 nunc
986 3635 1044 3683 cius
1063 3650 1144 3699 rupes
1161 3634 1315 3701 Tarpeium

169 3703 326 3769 appellatur
344 3702 457 3753 saxum)
495 3702 531 3752 cf.
550 3703 708 3767 Propertius
727 3702 826 3763 11114,
848 3701 887 3752 18.

254 3770 284 3820 12
302 3786 360 3836 sqq.
380 3772 416 3821 cf.
435 3771 543 3835 Fragm.
567 3769 621 3819 ltu.
651 3770 785 3820 Eusebius
805 3785 907 3820 armen.
927 3769 970 3820 01.
992 3769 1031 3831 Id,
1051 3769 1080 3818 4:
1118 3769 1222 3821 ‘Numa
1235 3772 1316 3820 Pom·

167 3838 249 3905 pilius
262 3838 328 3888 diros
348 3838 454 3888 addidit
472 3853 544 3887 auno
563 3854 670 3888 menses
688 3839 845 3889 Ianuarium
865 3845 892 3887 et
905 3838 1094 3897 Februarium,
1114 3853 1177 3887 cum
1190 3840 1216 3888 is
1231 3846 1316 3888 antea

167 3908 262 3956 decom
282 3911 423 3956 constaret
446 3907 593 3956 mensibus.
634 3907 706 3955 idem
734 3906 895 3971 capitolium
920 3923 936 3955 a
959 3906 1145 3955 fundamentis
1170 3906 1315 3956 excitauit.

167 3976 238 4024 idern
262 3974 432 4035 congiarium
455 3974 532 4023 dedit
557 3990 634 4023 asses
660 3975 766 4038 ligneos
785 3990 961 4039 nummosque
980 3972 1140 4023 testaceos.’
1178 3975 1316 4038 Hierony-

166 4057 225 4091 mus
244 4042 287 4091 ut
309 4040 348 4100 17,
368 4041 397 4089 2:
423 4042 519 4089 ‘Numa
537 4043 688 4106 Pompilius
712 4043 779 4091 duos
801 4058 910 4092 nreuses
934 4057 1006 4091 anuo
1030 4041 1136 4090 addidit
1155 4041 1315 4092 Ianuarium

168 4116 196 4160 et
213 4108 402 4169 Februarium,
424 4125 484 4157 cunr
503 4109 623 4159 antchac
642 4111 737 4160 decom
757 4116 864 4159 tanturn
882 4125 990 4159 menses
1009 4109 1081 4175 apud
1094 4110 1235 4160 Romanos
1248 4111 1315 4161 fuis·

167 4183 238 4226 sent.
276 4173 443 4240 CapItolium
461 4192 566 4241 quoque
587 4192 603 4226 a
622 4178 808 4228 fundamentis
827 4177 989 4227 aedilicauit
1008 4184 1035 4226 et
1052 4177 1225 4241 congiarium
1239 4178 1317 4227 dedit

168 4259 244 4293 assuas
264 4244 371 4309 ligneos
395 4249 423 4293 et
446 4242 587 4294 scorteos.‘
624 4245 768 4309 Syncellus
792 4262 818 4310 p.
843 4243 906 4296 398:
931 4241 1053 4310 Νουμᾶς
1076 4237 1148 4310 μετὰ
1169 4235 1316 4311 ‘Poiputov

167 4337 248 4346 ----..

252 4394 270 4445 d
286 4390 391 4460 capr-at
405 4385 468 4440 cod.
489 4378 502 4463 l}
518 4381 632 4441 relatus
651 4385 861 4440 Mommsenus:
879 4382 1007 4441 sellatus
1022 4386 1086 4440 eorl.
