2964 5002
572 377 613 419 na
636 379 776 423 sarvam
797 381 906 431 aaran
1250 371 1312 433 att

258 521 386 606 Physici
408 523 538 606 dicunt,
563 546 627 611 quo
648 534 794 610 tempore
815 525 941 613 hiemps
970 528 1039 611 hic,
1067 538 1224 594 aestatem
1248 532 1310 596 sub
1324 524 1424 596 160*

194 624 266 688 terris
283 634 315 687 et
333 624 408 690 nice
429 646 541 690 uersa:
578 637 615 690 ut
634 626 807 691 Lucretius
826 629 985 706 ostendit,
1009 628 1171 715 putealem
1192 653 1311 717 aquam

195 733 291 788 aestate
311 724 576 810 frigidissimam,
599 727 706 792 hieme
728 749 807 793 uero
832 729 1041 815 tepediorem.

725 1037 757 1095 X

445 1152 504 1212 DE
526 1152 723 1240 ’NATVRIS
748 1153 1027 1214 ANIMAN'HVM

178 1291 188 1332 ⁵
255 1296 398 1362 Leonum
422 1307 471 1362 est
495 1299 633 1364 fremere
654 1299 709 1363 uel
730 1301 851 1384 rugire.
875 1300 1032 1385 tigridum
1051 1324 1197 1366 rancare.
1237 1325 1309 1388 par·
1325 1295 1389 1365 161

188 1395 281 1463 dorum
300 1398 407 1464 felire.
434 1405 666 1486 pantherarum
687 1403 827 1465 caurirc.
849 1423 999 1466 ursorum
1023 1425 1143 1466 uacare
1166 1403 1219 1467 uel
1242 1426 1311 1468 sae·

240 1600 330 1657 itt*
352 1605 444 1658 Schel.
467 1606 551 1656 Bern.
578 1622 673 1672 georg.
701 1607 758 1656 1111
781 1606 827 1656 51:
868 1607 980 1656 Pulsam
1003 1605 1131 1672 hiemem]
1157 1607 1243 1660 ‘nune
1265 1625 1309 1660 se-

184 1671 282 1723 eundum
304 1672 469 1738 physicos
492 1672 575 1734 dicit,
607 1675 652 1739 qui
675 1674 796 1723 dicunt
892 1674 1114 1739 tepediorem.
1155 1676 1310 1726 hocsentit

183 1736 426 1802 (arnosuetonius)
445 1745 474 1791 et
490 1741 608 1790 Iunilius
626 1740 712 1791 dicit)
749 1742 861 1792 Servius
878 1742 896 1791 l.
917 1758 956 1791 c.:
993 1742 1152 1792 ‘secundum
1169 1742 1307 1808 physicos,

182 1806 217 1868 qui
232 1807 334 1869 dicunt,
352 1823 407 1872 quo
424 1812 546 1872 tempore
565 1808 611 1858 hic
622 1809 710 1858 hiems
723 1815 775 1871 eet,
794 1815 930 1859 aestatem
943 1825 1004 1860 esse
1023 1811 1073 1860 snb
1086 1811 1168 1860 terris
1187 1816 1215 1860 et
1226 1827 1309 1862 uersa

181 1873 244 1935 riae,
272 1890 334 1925 eum
351 1874 400 1924 hic
417 1882 524 1936 aestas,
554 1875 612 1925 illic
635 1876 763 1926 hiemem.
799 1877 975 1942 quodetiam
993 1878 1140 1927 Lucretius
1163 1880 1309 1942 exequitur

181 1945 201 1990 ct
219 1942 302 1992 trahit
324 1943 354 1992 in
375 1947 566 2008 argumentum
591 1943 731 2008 putealem
755 1959 871 2008 aquam,
900 1959 970 2008 qnae
993 1950 1102 1995 aestate
1126 1945 1308 2010 frigidissima

180 2014 223 2067 ea,
239 2009 328 2060 hicum
346 2024 413 2060 nero
431 2009 621 2061 calidissima!
638 2038 672 2046 -
688 2013 838 2061 Lucretius
855 2011 893 2060 v1
911 2010 962 2060 840
978 2027 1037 2076 sqq.

316 2076 443 2141 frigidior
461 2093 540 2142 porro
563 2079 592 2127 in
609 2080 710 2143 puteis
721 2084 830 2128 aestate
849 2078 879 2128 fit
897 2094 982 2139 umor,

316 2145 435 2195 rarescit
453 2146 518 2209 quia
536 2151 611 2195 terra
629 2145 729 2206 calore,
750 2151 778 2195 et
795 2147 903 2195 semina
921 2147 946 2195 ai
964 2161 1035 2210 quae

316 2212 389 2262 ferte
406 2213 517 2277 uaporis
534 2212 619 2262 habet
637 2215 755 2279 proprii,
779 2212 896 2263 dimittit
913 2214 942 2262 in
960 2229 1051 2263 auras.

316 2294 370 2343 qno
388 2280 476 2344 megin
496 2284 539 2329 eat
555 2281 640 2344 igitur
657 2280 740 2330 tellus
759 2280 845 2331 effeta
863 2280 966 2343 calore,

315 2345 347 2396 fit
364 2361 472 2412 quoque
491 2347 618 2411 frigidior
636 2348 682 2412 qui
701 2349 729 2397 in
747 2353 850 2397 terrast
868 2347 979 2397 abditus
996 2363 1081 2398 timor.

314 2413 419 2479 frigore
438 2429 499 2463 cum
516 2416 648 2478 premitur
665 2431 745 2480 perro
764 2416 852 2465 omnis
869 2421 944 2465 terra
962 2416 1073 2480 coitque

315 2486 344 2530 et
363 2483 443 2545 quasi
461 2483 629 2543 concrescit,
648 2482 679 2531 fit
696 2482 808 2533 scilicet
826 2489 856 2532 ut
875 2482 998 2532 coeundo

315 2548 454 2614 exprimat
471 2550 499 2598 in
517 2555 615 2613 puteos
634 2551 657 2599 ai
677 2566 755 2614 quem
775 2551 848 2614 gerit
866 2551 927 2614 ipsa
946 2550 1076 2599 calorem.

172 2614 217 2666 tbi
234 2615 432 2667 Lachmannus
455 2632 508 2665 non
531 2617 590 2666 solo
609 2618 705 2666 Servio
727 2617 796 2667 duce
820 2617 943 2667 ostendit
961 2632 1014 2666 non
1033 2631 1123 2680 pauca
1142 2622 1207 2665 ante
1226 2618 1305 2679 haec,

250 2684 534 2798 Lucretiuslexempli
553 2699 638 2734 causa
656 2686 807 2749 posuisset,
827 2685 1010 2735 intercidisse.
1030 2708 1063 2718 —
1080 2686 1123 2733 De
1141 2700 1169 2732 re
1189 2685 1225 2732 ct.
1245 2685 1305 2733 lde-

179 2751 296 2803 er.l.c.
336 2751 394 2799 ,22
430 2767 488 2803 a.

248 2815 294 2872 Idi
311 2768 435 2883 gangim
445 2767 532 2883 ἓῗοεε.
545 2819 615 2868 med.
630 2824 658 2869 et
676 2820 801 2868 lailot:
817 2820 952 2869 ‘Baulare
963 2819 1096 2884 llgutieni
1110 2818 1212 2868 latrare
1224 2825 1251 2867 et
1264 2825 1306 2868 eet

168 2890 271 2951 proprie
284 2901 393 2937 eanum.
418 2902 480 2936 mox
497 2885 567 2936 haec
585 2887 675 2936 addit:
696 2888 844 2937 Stridoniua
862 2886 943 2949 (inesco
961 2887 1122 2949 Suetonius)
1142 2887 1169 2934 in
1187 2886 1258 2935 lihro
1271 2887 1305 2936 de

167 2956 268 3005 cumn
285 2969 376 3005 rcrum
394 2954 473 3017 ponit
490 2955 600 3017 propria
613 2955 698 3003 uerba
716 2954 877 3004 animalium
895 2956 1044 3004 secundum
1062 2970 1172 3014 uocem,
1193 2955 1305 3018 quaein

167 3028 240 3083 parte
258 3036 405 3089 ponemus:
429 3020 588 3070 Leonnm’
615 3037 638 3070 e.
662 3039 688 3086 q.
713 3038 734 3071 a.
771 3021 943 3072 Borhoruius
966 3023 1001 3071 ad
1020 3022 1113 3071 Plauti
1131 3022 1303 3071 Menaechm.

166 3087 218 3139 1111
236 3091 260 3151 2,
280 3088 327 3139 91:
349 3089 445 3137 ‘Vetus
463 3090 658 3153 grammaticus
677 3089 815 3149 Sidonius,
835 3088 913 3138 cuius
932 3090 1117 3153 fragmentum
1136 3089 1169 3138 de
1189 3090 1305 3139 uocibus

166 3158 345 3207 animantium
367 3156 397 3204 in
424 3154 530 3220 aliquot
551 3156 693 3220 glossariis
719 3173 781 3205 mss.
807 3157 922 3218 legitur:
952 3162 1054 3206 noctua
1079 3154 1217 3206 cncubat.’
1260 3159 1306 3206 uhi

166 3223 279 3274 Rethius
297 3223 422 3274 coniecit
443 3223 617 3272 scribendum
641 3241 702 3274 esse
727 3223 907 3273 ‘Suetoniua’.
926 3251 958 3258 —
976 3224 1134 3274 Thesaurus
1158 3223 1207 3274 lat.
1227 3224 1305 3286 (Mai,

166 3299 235 3342 auct.
267 3291 352 3341 class.
381 3289 448 3339 VIII
471 3306 496 3354 p.
524 3290 556 3338 77
575 3290 641 3354 sql:
679 3293 804 3341 ‘Barrire
832 3291 953 3339 clamare
983 3291 1147 3354 elephantia.
1185 3299 1213 3340 et
1241 3308 1304 3356 quo·

163 3359 236 3427 piam
258 3359 294 3409 de
318 3359 439 3408 ferarum
463 3358 632 3421 proprietate
651 3375 749 3408 raecum
768 3359 842 3423 loqui
864 3359 1005 3418 inchoaui,
1022 3358 1101 3407 libet
1119 3358 1152 3407 ‹le
1173 3358 1228 3408 illis
1247 3360 1304 3424 ple-

165 3427 224 3476 nius
240 3427 271 3477 iu
288 3425 343 3475 hoc
365 3424 428 3474 loeo
447 3423 529 3488 loqui,
549 3432 579 3474 ut
597 3433 709 3490 praesto
726 3427 772 3476 hic
791 3427 917 3475 inueniat
940 3426 985 3490 qui
1004 3441 1119 3475 noscere
1139 3441 1186 3474 eas
1210 3429 1305 3490 gestit.

165 3493 285 3545 Leonum
304 3499 348 3543 est
365 3492 481 3541 tremere
499 3493 607 3557 rugire,
627 3494 756 3558 tigridum
775 3493 899 3553 rachare,
919 3493 1065 3557 pardorum
1088 3492 1183 3555 telire,
1207 3500 1305 3558 pante-

245 3681 373 3738 Proeter
388 3687 470 3737 notus
487 3685 516 3736 in
527 3684 677 3752 superiore
690 3683 872 3737 adsentatione
887 3683 1050 3752 expoliretur
1061 3683 1140 3752 stylis
1155 3698 1225 3738 usus
1241 3698 1304 3738 sum

164 3766 252 3823 tuce:
292 3766 365 3820 V:
379 3764 524 3836 Vputionis
546 3774 733 3836 erccrptum,
756 3767 965 3821 P=curmeu
984 3767 1110 3834 primum
1130 3768 1165 3822 de
1193 3769 1305 3823 vocibus

165 3852 365 3917 animantium,
399 3849 481 3904 R:
496 3851 634 3917 alterum,
669 3851 742 3904 S:
758 3852 880 3905 tertium.
924 3859 940 3909 5
967 3847 1097 3906 fremere
1121 3849 1171 3906 uel
1204 3851 1305 3925 rugire

163 3937 279 4007 scripsi:
314 3932 445 3990 fremere
465 3933 565 4008 rugire
585 3937 610 3990 A
629 3933 730 4008 rugire
762 3933 807 3988 VS
828 3933 951 4008 rugiunt
973 3934 999 3988 P
1018 3933 1148 3991 fremere
1170 3936 1228 3991 GH
1244 3933 1304 3992 ire-

166 4027 245 4076 munt
259 4017 380 4074 BDEM
392 4015 493 4074 fremit
504 4020 560 4073 Fls
572 4011 586 4096 ΙΙ
602 4038 728 4075 rancore
744 4019 776 4073 H
790 4026 918 4074 runcant
931 4013 984 4073 CM
994 4016 1143 4074 rhancant
1159 4021 1187 4074 E
1197 4017 1303 4075 recha·

166 4120 235 4160 nare
251 4103 278 4158 V
286 4101 417 4159 rachare
432 4104 482 4158 Aa
500 4111 624 4159 raccant
642 4104 697 4157 BP
710 4101 893 4159 rhaeeantI)
908 4095 922 4180 ll
937 4109 953 4162 6
971 4100 1059 4159 lelire
1079 4103 1187 4159 VAGII
1198 4099 1264 4157 felit
1280 4101 1307 4154 P

168 4183 270 4245 feliunt
287 4188 316 4244 B
331 4184 450 4263 peliunt
465 4187 542 4243 CDE
552 4185 699 4264 phelpant
715 4186 747 4240 M
760 4179 773 4263 ll
789 4185 907 4243 caurire
930 4187 1000 4242 VAG
1015 4185 1111 4243 caurit
1126 4188 1153 4242 P
1166 4183 1304 4241 chaurire

168 4269 197 4325 Ii
207 4270 369 4343 chauriunt
385 4271 413 4325 B
428 4268 602 4328 ehaurriunt
618 4273 644 4326 Ι)
660 4269 872 4327 chausriuntE
885 4267 1037 4326 chatriunt
1051 4271 1085 4326 M
1096 4263 1109 4348 ΙΙ
1125 4287 1237 4327 uncam
1253 4264 1304 4323 uel

167 4355 277 4414 raeuhe
301 4355 414 4412 VAGH
427 4363 519 4413 uacat
533 4357 560 4412 P
576 4363 686 4430 urgant
701 4351 751 4411 nel
770 4353 909 4410 saeuiunt
925 4354 1040 4409 BDEM
1050 4353 1148 4411 saeuit
1160 4353 1218 4408 ΕΙ(
