2964 5002
676 401 780 442 csrvr
800 401 811 441 1
1124 457 1128 465 Ι
1252 387 1313 446 415

170 551 258 610 etiam
275 553 298 610 0
314 550 470 629 agnoscit3
494 571 556 630 qua
580 549 617 610 de
634 552 756 610 testium
772 550 895 631 quidem
912 551 1090 612 confusione
1110 554 1192 612 infra
1214 575 1313 634 agam.

171 650 301 713 codicem
317 661 437 725 autem,
460 651 540 712 unde
559 661 590 711 et
604 650 775 711 Vaticanus
791 662 822 711 et
837 653 969 730 Pontani
985 655 1191 733 apographum
1208 677 1313 717 mana-

168 761 249 826 runt,
271 754 325 833 qui
339 752 463 833 scripsit
479 773 539 812 non
560 753 634 813 satis
651 753 772 812 doctum
788 773 822 812 se
837 753 937 813 ¹fuisse
951 753 1067 832 prodit,
1090 757 1204 836 quippe
1223 777 1313 838 quem

167 854 241 913 ratio
254 853 386 932 ‚illorum
406 855 643 934 conpendIorum
667 853 787 931 sugerit.
834 853 915 936 quod
936 857 967 913 in
991 874 1085 916 causa
1105 858 1199 918 fuisse
1226 858 1311 918 vide·

168 964 225 1030 tur,
258 965 293 1016 ut
313 955 552 1036 interpolatione
574 957 694 1015 omnino
720 955 904 1029 abstineret,
932 976 999 1016 curn
1018 958 1050 1016 in
1072 958 1237 1030 Vaticano,
1260 960 1313 1039 qui

167 1066 287 1137 praeter
302 1076 396 1117 uuum
412 1055 528 1116 illudet
543 1057 770 1117 accuratissime
792 1058 856 1116 eius
875 1059 1006 1136 vestigia
1021 1069 1143 1120 secutus
1159 1069 1221 1133 est,
1245 1061 1311 1121 nul·

167 1160 224 1219 lum
242 1158 329 1220 aliud
349 1158 499 1219 emblema
514 1157 771 1239 deprehendatur,
789 1178 879 1237 quarn
895 1158 977 1240 quod
994 1161 1099 1221 iamin
1111 1161 1313 1222 Henochiano

167 1260 344 1342 apographo
366 1261 460 1321 luisse
488 1259 791 1331 consensu⁴testium
821 1260 989 1320 evincatur.
1028 1260 1108 1321 idem
1136 1271 1197 1321 tam
1220 1263 1312 1323 anxie

151 1372 193 1432 ‚et
214 1363 364 1442 religiose
387 1363 595 1442 apographum
614 1346 757 1421 Henochi
784 1364 949 1439 expressit,
977 1371 1010 1421 ut
1032 1363 1226 1437 Vaticanum,
1251 1386 1311 1446 quo

166 1465 229 1526 cius
246 1466 367 1550 iactura
380 1463 556 1543 plenissime
573 1472 792 1542 conpensatur‚
813 1483 868 1542 pro
885 1465 996 1543 optimo
1012 1461 1137 1524 ducein
1154 1467 1311 1525 reconcin-

165 1566 267 1629 nauda
287 1565 430 1625 Henochi
456 1567 603 1625 memoria
624 1564 740 1625 habere
765 1586 827 1625 non
853 1585 971 1625 verear.
1004 1566 1108 1645 itaque
1130 1570 1311 1627 contrariam
1360 1556 1370 1575 ⁹

165 1670 243 1728 riam
268 1669 326 1727 inii
341 1675 434 1747 atqua
453 1661 649 1732 Germaniae·
657 1665 789 1727 editores
810 1687 886 1746 quos
907 1686 999 1746 supra
1022 1666 1101 1727 dixi:
1125 1669 1171 1728 illi
1192 1670 1312 1730 scilicet

165 1770 297 1832 Pontani
313 1764 488 1848 apographo
509 1769 678 1848 principem
694 1768 794 1828 locum
815 1769 987 1829 tribuerunt
1005 1779 1129 1849 propter
1144 1770 1311 1831 doctrinam

166 1871 339 1952 scriptoria,
358 1890 415 1948 ego
431 1869 580 1930 Vaticano
599 1879 724 1948 propter
739 1872 826 1931 testis
841 1872 1052 1949 ignorantiam.

249 1972 316 2035 Sed
331 1991 399 2032 curu
413 1991 474 2030 non
495 1967 589 2030 liceat
605 1971 753 2047 dubitare,
774 1974 847 2053 quin
867 1972 1019 2032 interdum
1033 1973 1130 2032 bonus
1147 1973 1200 2032 ille
1216 1973 1308 2033 libra·

121 2102 125 2109 ·
166 2077 226 2136 rius
242 2073 430 2145 dormitarit,
447 2091 487 2131 ex
505 2071 628 2132 relicuis
644 2073 728 2152 libris
741 2082 881 2154 quattuor
897 2073 1024 2153 (Noai)
1040 2075 1136 2153 elegi,
1157 2076 1312 2154 inquibus

168 2179 222 2238 etsi
234 2174 433 2256 interpolatio
445 2174 598 2252 pullulare
614 2177 759 2255 eoeperit,
771 2187 874 2235 tamen
888 2195 948 2234 non
960 2177 1003 2233 ita
1015 2186 1155 2252 grassata
1166 2177 1205 2235 sit
1220 2196 1311 2255 quam

167 2279 195 2340 ln
220 2278 352 2351 ceteris,
373 2275 472 2336 veluti
487 2275 681 2336 Berolinensi
699 2277 868 2336 Harleiano
889 2285 959 2338 2639
974 2276 1114 2335 Parisino
1129 2284 1214 2350 7773,
1233 2298 1311 2358 quos

167 2380 223 2441 iam
236 2379 371 2440 Rotbius
392 2378 492 2458 prael.
514 2378 621 2438 LVIII
643 2377 737 2437 libros
757 2378 926 2437 deteriores
947 2375 1030 2435 dicit.
1053 2376 1231 2454 inquorum
1253 2399 1309 2438 uu·

167 2501 248 2543 mero
263 2487 428 2560 praeterea
442 2478 577 2538 habendi
592 2488 663 2539 sunt
677 2480 844 2539 Vaticanus
860 2488 930 2542 4198
943 2485 973 2536 et
987 2474 1120 2535 Vrbinas
1141 2486 1217 2550 1194,
1235 2498 1308 2557 quo·

167 2603 228 2645 ram
251 2584 436 2662 scripturam
453 2600 493 2640 ex
512 2581 640 2640 Lersclri
663 2580 836 2639 conlatione
853 2579 993 2657 cognovi.
1025 2597 1125 2656 neque
1143 2576 1309 2637 editionum

167 2686 257 2747 ullam
282 2685 433 2743 rationem
450 2683 552 2742 habui.
581 2691 724 2763 quattuor
749 2681 841 2759 igitur
865 2682 927 2753 illl,
956 2698 1141 2760 quamquam
1170 2679 1249 2738 inter
1275 2698 1309 2762 se

167 2787 279 2866 singuli
298 2786 406 2845 affines
422 2792 493 2844 sunt
510 2793 542 2843 et
557 2804 661 2844 omnes
682 2783 835 2843 interdum
854 2802 957 2842 secum
973 2782 1181 2854 consentiunt,
1197 2779 1308 2840 discre-

168 2897 240 2970 pant
255 2907 275 2945 a
289 2886 460 2960 Vaticano,
483 2894 584 2945 tamen
604 2883 694 2944 modo
712 2886 762 2943 hic
785 2884 874 2944 modo
895 2884 950 2943 ille
966 2885 1091 2962 propius
1110 2882 1149 2941 ad
1166 2881 1309 2942 Vaticani

167 2988 342 3051 memoriam
364 2986 526 3047 accedunt.
556 3007 614 3045 nee
638 2987 737 3065 possis
760 2989 881 3046 omnino
899 3006 939 3046 ex
968 2986 1013 3045 eis
1031 2987 1119 3044 unius
1141 2984 1310 3064 apographi

169 3091 330 3170 imaginem
347 3098 538 3161 restaurare,
561 3097 595 3147 ut
615 3107 653 3148 er
671 3088 859 3148 diversorum
875 3088 1023 3161 librorum
1036 3087 1219 3145 testimoniis
1238 3106 1310 3144 eon·

168 3193 230 3253 Isti
249 3191 424 3253 rideantur.
459 3190 541 3270 quod
562 3189 640 3249 adeo
654 3191 685 3250 in
707 3210 767 3249 uno
783 3191 924 3250 librarius
940 3190 1096 3268 professus
1113 3197 1174 3247 eat:
1201 3207 1311 3267 nempe

167 3294 194 3354 ir
215 3297 247 3354 N
266 3292 344 3354 Tac.
367 3290 440 3352 dial.
463 3311 489 3351 o.
515 3301 549 3354 35
570 3292 648 3351 haec
669 3292 782 3372 scripta
807 3301 892 3353 sunt:
919 3295 1031 3349 maltum
1052 3292 1142 3363 deficit
1163 3293 1190 3346 ia
1217 3307 1311 3347 esem·

163 3397 292 3470 pleribus
306 3410 381 3471 qaae
394 3398 583 3470 reperiuntur.
617 3393 739 3453 accedit
755 3395 792 3453 ad
809 3396 889 3453 hauc
902 3393 1025 3452 testium
1041 3390 1248 3449 contricionem
1265 3391 1311 3450 in·

168 3496 331 3578 terpolatio
350 3514 441 3576 quam
462 3514 555 3574 supra
577 3495 761 3572 significari.
796 3497 940 3576 quocirca
956 3515 1057 3554 eorum
1074 3491 1226 3570 scriptura
1243 3490 1311 3551 cnm

168 3718 225 3781 que
247 3697 287 3757 ab
308 3697 369 3757 lroc
389 3699 557 3757 certissimo
581 3698 658 3758 duce
678 3700 808 3770 recessi,
831 3700 950 3758 etiamsi
971 3717 1075 3756 omnes
1096 3697 1143 3756 illi
1158 3697 1197 3754 ab
1213 3697 1312 3756 altera

168 3809 253 3880 perte
271 3807 402 3872 sterent,
426 3799 487 3858 nisi
500 3800 545 3858 rei
565 3802 715 3860 rationem
737 3811 860 3861 secutus
881 3800 1002 3858 illorum
1022 3799 1196 3858 memoriam
1211 3798 1310 3856 verio-

168 3920 229 3962 rem
252 3899 477 3978 intellegerem.
503 3901 541 3961 de
564 3901 673 3982 quibus
691 3903 866 3982 Oproxime
891 3922 910 3960 a
928 3901 1081 3962 Vaticano
1098 3900 1207 3959 abesse
1225 3899 1310 3958 risus

169 4012 229 4077 cst,
252 4001 309 4064 sed
326 4002 386 4076 ita,
408 4012 443 4062 ut
456 4002 592 4082 pluribus
611 4003 688 4064 Iocis
704 4002 743 4061 ab
762 4003 885 4064 diversa
899 4003 1045 4063 memoria
1062 4001 1212 4081 pendeat;
1230 4000 1310 4059 idem

168 4104 431 4181 tolusscripturas
448 4105 591 4183 praebet,
615 4123 694 4185 quae
719 4112 828 4182 postea
852 4104 1037 4164 aBeroaldo
1059 4105 1158 4165 Statio
1178 4102 1245 4161 aliis
1263 4101 1308 4157 in·

168 4214 279 4267 ventae
298 4216 376 4277 sunt,
392 4216 426 4266 ut
442 4207 543 4265 malim
559 4226 625 4266 eum
643 4226 709 4265 curn
725 4204 873 4265 Lerschio
892 4225 916 4264 s.
934 4206 1013 4266 XVI
1029 4203 1202 4264 adscribere
1219 4219 1310 4279 quam

168 4327 233 4368 enm
251 4307 365 4367 Rothio
384 4328 408 4367 s.
424 4308 485 4367 XV
501 4307 669 4367 vindicare.
686 4308 730 4366 sic
746 4327 777 4384 p.
796 4317 858 4377 103,
877 4315 912 4366 711
927 4311 1002 4365 tilulo
1016 4305 1124 4376 babet,
1139 4322 1168 4380 p.
1193 4312 1255 4371 111,
1277 4309 1310 4360 12

170 4411 264 4468 Niciae
281 4407 381 4482 addit,
398 4428 427 4488 p.
448 4418 507 4483 111,
527 4418 556 4473 16
571 4414 643 4467 illam
664 4425 769 4482 mecam
786 4404 935 4465 Cicerone
953 4407 1027 4467 item
1052 4402 1189 4463 adhibito
1212 4409 1309 4462 mans·
