2964 5002
628 426 633 432 ,
683 384 725 424 nl:
745 385 864 427 Poasls

284 539 316 593 te
337 530 401 594 sibi
423 529 567 616 quisque
588 526 688 614 rapit,
710 554 769 617 per
788 541 820 596 tc
844 533 989 619 uicturus
1011 536 1044 597 in
1067 558 1194 601 acuum.

283 622 380 696 Musa
402 631 490 696 refer
510 653 555 718 qu
616 653 734 696 caussa
752 635 824 698 uiro
847 656 1041 721 componere
1061 636 1171 702 libros.

285 743 472 821 sumpserat
489 653 662 817 Augistus
684 756 791 798 rerum
814 736 1038 801 moderamina
1060 740 1223 826 princeps.

282 838 348 899 iam
371 837 460 900 necis
483 833 572 900 ultor
592 844 664 899 erat
686 838 828 922 patriae:
849 839 914 900 iarn
936 839 1037 903 caede
1059 842 1202 927 priorum

283 937 434 1024 perfusas
457 937 546 1000 acies
568 935 689 1021 legitur
712 938 824 1001 uisura
845 938 1025 1026 Philippos.

284 1039 421 1103 Cassius
444 1038 498 1103 hic
520 1038 635 1124 Magni
656 1038 780 1102 uindex
802 1048 835 1103 et
856 1040 978 1104 Brutus
1001 1043 1034 1105 in
1057 1046 1156 1107 armis

284 1144 456 1205 intereunt.
496 1140 604 1203 uictor
624 1139 770 1204 nondum
790 1151 963 1206 contentus
985 1146 1102 1229 opimis

283 1243 436 1306 emeritas
457 1239 536 1305 belli
559 1240 673 1328 spoliis
691 1241 813 1306 ditasse
836 1242 979 1306 cohortis

281 1343 474 1430 proscripsit
495 1343 634 1406 miserae
653 1341 805 1406 florentia
826 1365 903 1407 rura
925 1344 1124 1422 Cremonae,

281 1453 416 1530 totaque
437 1443 599 1508 militibus
621 1444 762 1530 pretium
784 1465 941 1509 concessa
963 1446 1109 1512 laborum

280 1544 405 1631 praeda
427 1545 504 1608 fuit:
547 1543 692 1608 uiolenta
714 1567 830 1608 manus
852 1545 1012 1611 bacchata
1033 1569 1093 1632 per
1113 1572 1219 1635 agros.

280 1669 347 1710 non
367 1646 463 1710 flatus
487 1668 552 1711 non
575 1645 640 1709 tela
659 1647 748 1710 Iouis
772 1668 836 1710 non
858 1670 1011 1731 spumeus
1033 1653 1138 1715 amnis

279 1771 346 1813 non
365 1747 485 1811 imbres
508 1747 615 1833 rapidi
637 1756 793 1833 quantum
816 1770 932 1812 manus
954 1752 1055 1836 impia
1076 1762 1216 1818 uastant.

280 1850 417 1914 Mantua
439 1858 475 1912 tu
496 1848 669 1911 coniuncta
690 1846 762 1912 loco
780 1850 904 1912 sociata
923 1850 1073 1936 periclis:

280 1974 348 2016 non
368 1959 478 2013 tamen
500 1948 543 2013 ob
564 1950 713 2014 meritum
736 1950 887 2014 miseram
910 1952 1032 2014 uicinia
1054 1954 1141 2018 fecit.

281 2056 347 2118 iam
368 2050 460 2115 lllaro
474 2049 595 2135 ‚pulsus
618 2060 702 2114 erat:
726 2050 784 2115 sed
805 2051 932 2116 uiribus
953 2052 1070 2117 obuius
1092 2055 1161 2119 ibat

282 2155 385 2218 frctus
407 2152 584 2216 amicorum
608 2149 730 2238 clipeo,
754 2173 826 2215 cum
850 2174 955 2238 paene
977 2155 1119 2221 nefando

280 2277 359 2320 ense
381 2255 476 2340 perit.
519 2252 598 2339 quid
621 2252 737 2316 dextra
760 2252 866 2317 furis?
896 2254 973 2340 quid
993 2257 1121 2320 uiscera
1140 2257 1264 2339 Romae

281 2355 442 2440 sacrilego
465 2375 618 2418 mucrone
641 2355 748 2441 petis?
793 2365 850 2419 tua
871 2354 959 2419 bella
979 2356 1102 2421 tacebit

278 2457 453 2544 posteritas
474 2457 645 2542 ipsumque
666 2455 780 2519 ducem
803 2458 868 2520 nisi
893 2456 1030 2521 Mantua
1052 2457 1150 2521 dicat.

278 2581 345 2623 non
366 2558 442 2622 tulit
463 2556 547 2619 hanc
568 2555 694 2619 rabiem
718 2557 907 2621 doctissima
930 2558 1027 2622 turba
1047 2566 1225 2645 potentum.

278 2662 344 2724 itur
368 2657 408 2721 ad
432 2667 595 2722 auctorem
616 2678 737 2738 rerum,
761 2659 840 2745 quid
863 2659 1000 2724 Martius
1023 2660 1137 2724 horror

280 2761 399 2847 egerit,
422 2759 614 2840 ostendunt,
634 2760 688 2843 qui
707 2768 784 2822 tunc
805 2761 992 2823 miseranda
1013 2762 1152 2825 tulisset.

281 2862 432 2927 Caesaris
455 2860 530 2924 buic
551 2859 679 2945 placido
702 2870 782 2924 nutu
804 2871 994 2946 repetuntur
1013 2861 1122 2945 agelli.
1162 2936 1165 2942 Ι

280 2966 330 3029 his
353 2972 469 3026 auctus
491 2963 615 3025 meritis
638 2983 710 3025 curn
734 2962 835 3047 digna
857 2963 1035 3048 rependere
1058 2962 1174 3042 uellet,

280 3067 406 3130 inuenit
428 3085 574 3145 carmen,
594 3084 657 3148 qno
680 3086 815 3127 munera
836 3065 967 3127 uinccrc
992 3075 1117 3150 posset:

280 3165 416 3254 praedia
436 3165 492 3229 dat
515 3163 653 3244 Caesar,
674 3188 808 3251 quorum
831 3165 940 3228 breuis
963 3188 1041 3228 usus
1064 3164 1224 3244 habendi,

280 3267 398 3333 obtulit
420 3267 474 3330 hic
494 3266 622 3347 laudes,
644 3289 725 3352 quas
746 3266 857 3330 secula
878 3265 968 3330 nulla
989 3266 1155 3330 silescant.
1180 3272 1201 3286 '‘

279 3380 425 3457 pastores
448 3369 566 3431 cecinit
587 3369 724 3454 primos:
748 3368 809 3433 hoo
831 3370 974 3431 carmine
997 3368 1109 3433 consul

279 3471 384 3536 Pollio
407 3468 557 3533 laudatur
579 3478 628 3532 ter
652 3492 686 3533 sc
708 3469 937 3534 reuocantibus
959 3470 1052 3532 annis

279 3572 469 3658 composito.
504 3569 676 3654 posthaec
698 3572 783 3634 ruris
804 3565 977 3656 praccepta
1000 3569 1128 3635 colendi

199 3712 394 3722 .-.....-.—-——

193 3806 227 3858 ile
240 3803 271 3857 L.
292 3801 378 3855 Vario
387 3818 418 3869 p.
430 3803 482 3854 25:
501 3796 610 3853 Varius
626 3790 638 3876 ll
657 3806 667 3855 l
688 3803 718 3852 te
734 3799 852 3867 scripsi:
867 3804 896 3852 ct
912 3790 925 3876 Ι]
941 3806 957 3854 2
972 3797 1036 3853 uiro
1053 3797 1206 3853 Heinsius:
1223 3796 1279 3853 fuit
1294 3792 1339 3876 il*

193 3886 324 3964 priorum
337 3887 397 3940 cccl.
412 3885 486 3938 Scnl.
501 3883 539 3953 ef.
565 3883 639 3953 Virp.
654 3899 752 3954 asaro.
764 3882 783 3936 Ι
792 3886 916 3953 lissa:
931 3881 1031 3956 ‘Ergo
1044 3881 1121 3937 inter
1134 3900 1202 3938 seso
1215 3879 1337 3957 paribus

194 3988 374 4027 concurrcrc
390 3966 459 4023 telis
480 3965 484 4045 l
505 3966 658 4022 Romanas
673 3965 753 4022 acics
768 3966 875 4021 iterum
893 3964 996 4022 uidero
1009 3965 1170 4042 Philippi':
1186 3965 1279 4041 priori
1297 3969 1341 4022 uel

192 4075 312 4113 reorum
333 4055 469 4108 Heinsius
484 4051 600 4128 piorum
621 4053 807 4106 Burmannus
822 4042 835 4128 ΙΙ
854 4060 885 4111 13
899 4059 1021 4107 uastant
1036 4052 1186 4105 Heinsius:
1209 4058 1309 4106 uastat
1322 4044 1335 4123 l

196 4147 224 4200 17
244 4141 283 4212 cf.
306 4141 437 4194 [loriano
453 4136 552 4208 praes.
577 4154 675 4191 curram.
698 4139 806 4191 bercol:
833 4134 907 4191 ‘scil
925 4133 1070 4209 Virgilius
1098 4134 1205 4190 rncrito
1231 4131 1337 4188 carmi·

194 4244 261 4280 num
275 4224 370 4280 fretus
388 4232 417 4278 ct
434 4218 567 4276 amicitia
583 4218 769 4298 quorundam
795 4220 964 4295 potentium
980 4216 1146 4275 centurioni
1164 4216 1253 4271 Arrio
1270 4232 1337 4269 cum

193 4307 339 4366 obsistere
356 4325 450 4363 ausus
469 4305 567 4361 cssct'
590 4299 603 4384 {l
624 4311 660 4364 23
675 4305 728 4381 qui
749 4305 853 4360 Tollius
870 4312 897 4360 et
911 4306 1073 4360 Francius:
1090 4298 1162 4378 qnid
1183 4292 1196 4377 ll
1216 4306 1250 4356 Ἡ
1266 4296 1337 4354 huic

195 4395 298 4450 Tollius
312 4401 339 4448 et
354 4393 517 4465 Francius:
534 4389 582 4446 hic
