2964 5002
163 330 204 393 56
536 313 577 389 55
603 349 689 390 vuus
713 349 926 390 marscalcus

165 502 302 583 Corpore
331 507 362 559 et
389 504 513 558 statura
541 496 604 559 1511
591 496 780 579 tgrandis,
810 495 917 581 aquilo
945 496 1074 578 colore,
1099 495 1183 560 facie
1212 498 1308 561 rusti-

164 621 261 677 cana,
290 597 479 660 ualetudine
507 598 615 660 uaria:
665 620 738 660 uam
768 596 959 683 plerumque
989 620 1051 660 as
1054 546 1264 661 1555555551

164 700 315 763 saucibus
340 722 378 761 ac
400 698 511 762 dolore
535 698 621 783 capit
625 700 650 760 is
609 698 859 778 tlaborubat,
883 701 1076 782 sanguinem
1091 701 1189 763 etiam
1211 722 1308 786 saepe

164 787 291 895 reiecit:
316 800 381 863 cibi
404 800 538 886 uinique
553 801 693 875 minimi,
715 799 861 863 libidinis
884 801 915 863 iu
933 820 1050 885 pueros
1067 802 1308 909 proniorJ'qqo·

253 1007 317 1071 lsq.
337 1007 567 1072 Porplryriollor.
582 1011 635 1055 sat
649 1005 708 1068 13,
722 1005 766 1056 32:
781 1006 837 1055 ‘lue
850 1005 1249 1071 515551551555155551551151555
1263 1008 1307 1072 qui

139 1025 309 1125 ·indecorr’q
310 1081 337 1123 et
354 1079 523 1140 corporrse
513 1073 652 1122 ltabrtns
667 1075 736 1123 1551
756 1073 858 1123 Comm.
873 1074 954 1138 Cruq.
973 1075 1040 1123 Hor.
1054 1079 1107 1124 sat.
1128 1075 1183 1136 15,
1202 1073 1236 1123 48
1253 1092 1307 1138 sq

166 1143 210 1192 ‘se
239 1145 280 1192 ait
310 1143 421 1207 lippum
451 1141 597 1205 Virgilium
628 1147 718 1191 autem
743 1141 868 1201 crudum3
898 1141 1047 1191 laborabat
1077 1143 1149 1192 enim
1173 1113 1309 1192 stomachi

166 1211 316 1268 cruditate,
342 1210 412 1274 quod
431 1209 522 1258 cibum
545 1209 682 1273 ingestum
701 1209 852 1258 difficulter
875 1214 1078 1274 concoqueret'
1113 1210 1204 1260 Acron
1229 1209 1308 1259 adh

163 1277 198 1327 l.:
235 1277 292 1328 ‘aa
302 1277 453 1342 Ι1511515555
470 1277 574 1336 5515111,
594 1277 664 1341 quod
682 1275 798 1326 dttfictte
816 1277 972 1343 digerebat.
998 1277 1144 1327 dicebatur
1163 1279 1236 1327 euim
1254 1283 1309 1328 sto·

81 1390 85 1395 .
165 1346 292 1395 maehum
311 1344 403 1394 dolere
422 1344 580 1409 Virgilius.’

323 1483 365 1491 .--

166 1566 247 1647 quod
269 1586 335 1624 cum
356 1565 501 1642 magister
522 1565 633 1623 stabuli
658 1565 799 1641 Augusto
822 1564 997 1637 recitasset,
1028 1564 1207 1646 duplicari
1199 1567 1258 1645 rpsi
1279 1566 1311 1625 15

165 1649 336 1712 mercedem
352 1671 447 1729 panes
459 1651 556 1709 iussit.
585 1670 649 1707 cum
661 1649 735 1707 item
753 1669 790 1709 ex
802 1650 955 1750 Η15155515
971 1651 1091 1727 August
1093 1671 1109 1708 o
1125 1671 1218 1708 canes
1231 1650 1310 1794 1151115

165 1728 355 1796 mitterentur
371 1746 401 1792 5
418 1746 561 1812 parentes
582 1754 685 1792 eorum
698 1733 773 1792 dixit
795 1744 826 1793 et
848 1736 979 1794 animum
995 1735 1248 1815 celeritatemque

167 1832 273 1879 turam.
295 1840 353 1899 quo
372 1829 474 1895 cognrt
452 1818 648 1877 't’omandat
641 1829 749 1877 iterum
760 1820 888 1896 Virgilio
901 1839 996 1898 panes
1013 1819 1171 1898 duplicari
1190 1819 1309 1878 dubita·

166 1906 211 1963 uit
236 1906 392 1980 Augustus
416 1900 578 1963 Oetairiiue
599 1903 678 1962 filius
700 1913 782 1962 esset
804 1925 844 1962 an
864 1904 1006 1963 alterius:
1039 1904 1132 1983 idque
1152 1904 1313 1962 Maronem

167 1990 285 2069 aperire
305 2007 395 2065 posse
412 1986 574 2046 arbitratus
593 1999 655 2059 est,
682 1988 754 2066 quia
777 2009 884 2048 canum
907 1998 938 2047 et
958 1989 1028 2068 equi
1045 1997 1184 2047 naturam
1201 2008 1310 2066 paren-

167 2085 274 2154 tesque
293 2082 448 2148 cognorat.
484 2074 591 2131 amotis
605 2073 696 2149 igitur
706 2073 843 2131 omuibus
856 2072 977 2131 arbitris
992 2072 1077 2131 illum
1089 2074 1119 2130 iu
1131 2073 1311 2151 penitiorem

167 2169 284 2236 partem
302 2156 407 2215 domus
420 2167 511 2216 vocat
523 2166 553 2216 et
568 2157 666 2215 solum
681 2166 768 2233 rogat
780 2177 818 2215 an
835 2159 912 2216 sciat
927 2159 1066 2236 quisnam
1085 2168 1167 2216 esset
1179 2166 1209 2215 et
1220 2177 1313 2237 quam

167 2242 205 2300 ad
219 2241 411 2300 felicitandos
423 2242 561 2300 homines
573 2242 750 2300 facultatem
760 2240 896 2302 haberet.
915 2243 1028 2314 ‘noui,'
1043 2243 1141 2321 inquit
1153 2243 1249 2314 Maro,
1267 2245 1310 2301 ‘te

168 2329 284 2386 (faesar
299 2327 438 2403 Auguste
457 2335 487 2396 et
504 2328 599 2385 ferme
616 2347 743 2406 acquam
757 2347 824 2384 aum
837 2327 883 2386 dis
897 2326 1116 2385 immortalibus
1129 2335 1312 2406 potestatem

167 2411 328 2471 habereut
344 2413 481 2491 quemuis
499 2410 620 2470 felicem
632 2412 751 2469 facias?
774 2413 822 2470 ‘eo
838 2411 939 2470 auimo
950 2414 1046 2482 sum',
1064 2410 1221 2490 respondit
1234 2410 1311 2470 Cae-

168 2517 231 2568 sar,
248 2497 298 2553 ‘ut
309 2497 334 2555 si
351 2516 456 2554 uerum
470 2517 524 2574 pro
537 2505 645 2572 rogatu
660 2495 773 2554 dixeris
788 2495 910 2554 beatum
924 2505 954 2554 te
967 2495 1149 2575 felicemque
1161 2495 1312 2554 reddam)

166 2581 316 2652 ‘utinam',
332 2581 375 2638 ait
389 2581 486 2652 ltlaro,
507 2582 718 2656 ‘interroganti
735 2580 789 2639 tibi
805 2600 878 2639 uera
894 2580 996 2640 dicere
1011 2581 1144 2660 queam’
1163 2580 1312 2639 1555515-

167 2678 288 2743 gustus:
323 2668 448 2743 ‘putant
464 2666 515 2723 alii
531 2686 580 2722 me
599 2663 702 2723 uatum
720 2663 865 2724 Octauio:
896 2665 1020 2744 quidam
1036 2666 1230 2742 suspicantur
1251 2665 1311 2723 alio

167 2771 214 2809 me
227 2751 361 2826 genitum
378 2751 469 2808 csse!
482 2750 568 2808 Maro
582 2749 751 2820 subridens
767 2750 896 2821 ‘t'acile',
912 2750 1018 2828 inquit,
1036 2749 1311 2828 ε511551555511555-

167 2845 273 2914 terquo
290 2835 372 2912 loqui
385 2834 486 2904 iubes,
499 2834 530 2892 id
546 2834 666 2892 dicam!
697 2834 827 2893 affirmat
844 2834 1038 2892 Caesarium
1054 2834 1181 2892 iurando
1196 2834 1311 2892 nullum

169 2920 234 2976 eius
257 2920 368 2976 dictum
388 2939 479 2995 aegro
494 2918 640 2988 laturum,
662 2920 752 2976 immo
774 2939 832 2976 uon
850 2919 909 2976 5151
926 2919 1068 2976 donatum
1086 2919 1124 2976 ab
1143 2939 1178 2976 eo
1197 2918 1312 2977 (115555-

168 3023 278 3068 555515.
297 3002 334 3060 ad
351 3002 427 3062 haec
444 3003 548 3061 oculos
564 3003 659 3060 oculis
672 3003 803 3079 Augusti
818 3003 947 3079 intigens
958 3004 1059 3075 liare,
1077 3003 1241 3074 ‘facilius’,
1260 3005 1311 3074 511,

169 3088 218 3144 ‘in
241 3089 350 3145 ceteris
367 3087 546 3146 animalibus
562 3088 726 3167 qualitates
744 3097 903 3166 parentum
926 3108 943 3146 a
962 3087 1183 3147 mathematicis
1203 3096 1233 3145 et
1248 3088 1311 3166 phi·

167 3170 302 3248 losoplris
327 3175 469 3248 cognosci
491 3182 633 3251 possunt:
673 3173 702 3229 in
723 3172 844 3230 homine
866 3192 1060 3271 nequaquam
1086 3172 1231 3251 possibile
1257 3184 1311 3229 551

168 3255 222 3313 5551
242 3255 279 3313 dc
299 3265 329 3313 te
346 3258 548 3315 coniecturam
564 3255 663 3345 babeo
680 3257 809 3314 similem
825 3258 890 3315 ueri
905 3269 938 3315 ut
954 3257 1026 3336 quid
1042 3258 1213 3316 exercuerit
1227 3266 1314 3334 pater

168 3350 237 3397 tuus
259 3360 337 3398 serre
351 3346 487 3417 pesum
514 3351 629 3400 attente
647 3341 830 3420 expectabat
846 3343 1001 3418 Augustus
1021 3341 1164 3440 quidnam
1184 3341 1312 3400 diceret.

168 3433 199 3483 at
218 3425 312 3483 ille:
316 3435 409 3504 quant
413 3445 461 3482 um
479 3445 534 3501 ego
547 3447 610 3484 5555
625 3427 796 3503 intelligere
813 3446 946 3505 possum,
961 3426 1083 3505 pistoris
1098 3426 1176 3484 tilius
1194 3424 1250 3496 es',
1269 3425 1312 3483 iu-

167 3511 240 3589 quit.
268 3509 465 3586 obstupuerat
478 3510 592 3569 Cacsar
603 3520 633 3568 ct
648 3513 750 3568 statim
763 3531 822 3590 quo
838 3510 868 3567 id
882 3520 972 3589 paeto
989 3512 1052 3570 ficri
1065 3512 1197 3590 potuerit
1214 3512 1313 3569 animo

167 3592 320 3652 uoluebat..
336 3595 559 3673 interrumpens
571 3596 728 3671 Virgilius,
745 3595 857 3667 ‘audi,’
876 3597 987 3676 inquit,
1003 3598 1178 3676 ς(1555155515
1196 3595 1227 3652 itl
1242 3616 1312 3652 cou-

168 3679 247 3738 iicio.
292 3699 358 3736 cum
387 3679 538 3758 quaedam
565 3681 751 3738 enunciarim
775 3680 1040 3760 praedixerimque
1071 3700 1151 3758 quae
1184 3678 1313 3756 intelligi

167 3763 299 3841 scirique
321 3765 459 3821 nonnisi
484 3762 521 3820 ab
544 3764 754 3822 eruditissimis
776 3766 961 3844 summisque
977 3766 1049 3822 uiris
1065 3765 1251 3842 potuissent,
1282 3772 1313 3820 tu
1340 3758 1342 3761 ’

166 3849 308 3926 1551555155
324 3847 403 3906 551515
420 3849 491 3905 item
508 3858 538 3905 51
555 3850 626 3905 11555
640 3869 735 3926 155555
751 3851 781 3906 in
797 3849 968 3908 mercedem
985 3849 1050 3907 dari
1068 3847 1200 3907 iussisti:
1232 3848 1313 3927 quod

168 3931 290 4012 quidem
308 3941 359 3989 aut
377 3932 498 4010 pistoris
515 3941 566 3989 aut
583 3935 646 3990 uati
661 3934 775 4012 pistore
790 3935 922 3992 officium
940 3936 1026 3991 erat'
1056 3933 1171 4011 placuit
1188 3932 1314 3992 Caesari

168 4018 290 4076 facetia.
322 4016 825 4095 ε5155155515,1551511055555,
853 4021 929 4075 ‘nou
953 4039 971 4075 a
987 4019 1100 4096 pistore
1126 4016 1179 4074 5551
1204 4038 1222 4075 5
1241 4035 1315 4093 rege

167 4103 359 4178 magnanimo
381 4101 460 4159 doira
476 4101 588 4159 teres’:
621 4102 767 4180 illumque
791 4103 911 4180 plurimi
929 4093 1002 4160 15511
1025 4112 1054 4161 51
1075 4101 1206 4159 Pollioni
1231 4121 1312 4158 conr·
1358 4171 1362 4176 ι

167 4187 323 4245 merulauit
347 4207 363 4254 ς
385 4180 397 4266 11
422 4197 430 4246 t
456 4185 563 4260 grandi
582 4206 600 4253 ς
618 4180 636 4278 11
654 4187 755 4266 aquilo
778 4189 897 4244 Daniel:
925 4187 1020 4265 aquili
1042 4186 1217 4265 Baquiliuo
1243 4187 1291 4254 ng
1307 4181 1315 4262 l

167 4263 764 4370 15111551511555ς11155115555551551111
779 4291 942 4338 555555ς
958 4290 1079 4329 mmrme
1092 4273 1148 4329 BR
1163 4266 1176 4350 11
1191 4290 1315 4348 promor
1362 4318 1365 4337 ,
