2964 5002
545 385 587 427 DE
609 384 696 429 VIRIS
722 384 933 428 ruhvsuufflvs

637 654 785 716 XXXIII
807 677 834 714 a.

690 787 772 833 VITA

500 903 979 952 ll.ANNAE1LVcAN1=

400 1007 446 1046 DE
466 1005 729 1048 COMMENTARIO
752 1006 889 1047 VACCAE
905 1005 1076 1047 SVBIATA

250 1111 295 1176 Μ.
318 1112 476 1173 Annaeus
503 1108 658 1172 Lucanus
681 1117 805 1195 patrem
829 1106 944 1172 habuit
965 1108 1011 1172 Μ.
1041 1107 1215 1171 Annaeum
1243 1108 1311 1171 Mc-

166 1217 228 1278 lam
251 1237 294 1277 ex
312 1211 482 1299 prouincia
502 1209 637 1273 Baetica
665 1208 846 1305 Hispaniae
875 1209 1040 1273 interioris
1064 1208 1310 1273 cordubensem

166 1317 307 1403 equitem
336 1313 534 1391 Romanum,
561 1309 730 1374 inlustrem
759 1313 844 1388 inter
863 1332 955 1388 suos,
984 1320 1096 1374 notum
1123 1277 1249 1375 Romde
1280 1318 1312 1373 et

165 1426 298 1504 propter
320 1414 476 1478 Senecam
502 1412 651 1493 fratrem,
675 1411 798 1475 clarum
818 1434 876 1498 per
898 1412 1184 1505 omnesuirtutesq
1193 1412 1311 1493 uirum,

166 1529 198 1581 et
217 1527 350 1603 propter
379 1514 521 1578 studium
544 1514 632 1576 uitae
657 1514 852 1598 quietioris,
874 1513 961 1600 quod
990 1534 1129 1598 sequens
1157 1515 1264 1598 magis
1293 1533 1333 1577 aa

165 1620 261 1684 turba
288 1614 462 1681 recedebat
487 1615 593 1677 minus
617 1613 750 1678 latebat.
799 1610 934 1678 matrem
963 1614 1078 1678 habuit
1107 1624 1139 1677 et
1165 1615 1312 1699 reglonis
1339 1690 1351 1712 ἦ

166 1718 312 1784 eiusdem
333 1726 365 1781 et
385 1716 477 1779 urbis
499 1714 638 1779 Aciliam
669 1718 801 1779 nomine
823 1715 930 1780 Acilii
946 1714 1073 1778 Lucani
1096 1715 1217 1795 filiam,
1241 1737 1311 1779 ora-

165 1820 245 1885 toris
268 1839 385 1904 operae
408 1814 494 1901 apud
517 1817 728 1900 proconsules
751 1817 931 1903 frequentis
954 1826 986 1880 et
1001 1816 1089 1904 apud
1111 1818 1312 1882 clarissimos

166 1922 255 1985 uiros
284 1940 349 1982 non
372 1915 492 1979 nullius
516 1917 656 2000 ingeniI:
701 1917 782 1981 adeo
806 1940 870 1982 non
893 1917 1116 2003 inprobandos
1141 1918 1250 2004 (fuit),
1275 1927 1313 1982 ut

166 2022 201 2084 in
224 2020 354 2103 scriptis
379 2016 544 2101 aliquibus
567 2017 729 2104 hodieque
751 2019 905 2104 perduret
927 2019 998 2083 eius
1021 2021 1194 2101 memoria3
1218 2020 1347 2083 cuiusro

166 2141 347 2205 cognomen
370 2119 445 2181 huic
469 2117 614 2203 [poetae]
635 2119 774 2183 inditum
796 2128 943 2206 apparet.
981 2128 1146 2197 natusest
1171 2119 1224 2183 ΙΙΙ
1248 2119 1313 2184 No·

167 2244 226 2285 nas
254 2219 451 2285 Nouembris
481 2220 518 2282 0.
549 2219 690 2284 Caesare
719 2221 916 2286 Germanico
943 2220 981 2284 II
999 2220 1039 2286 L.
1062 2223 1208 2308 Apronio
1231 2207 1313 2286 (lac-

168 2325 258 2387 siano
282 2343 365 2386 coss.
411 2321 524 2385 sedin
546 2323 653 2406 patria
681 2345 741 2385 sua
768 2345 832 2387 non
861 2322 967 2387 ualuit
994 2322 1142 2405 educari,
1169 2323 1312 2388 fatorum

167 2423 264 2487 credo
287 2424 442 2505 decretis,
465 2430 501 2486 ut
522 2422 763 2508 idiugenium,
786 2424 874 2511 quod
894 2424 1005 2489 orbem
1024 2423 1112 2488 fama
1134 2425 1184 2488 sui
1199 2424 1314 2511 imple·

168 2534 274 2588 turum
297 2532 474 2605 cresceret,
498 2525 580 2586 etin
600 2523 732 2589 domina
748 2525 860 2593 mundi
877 2524 1019 2590 aleretur
1033 2526 1124 2591 urbe.
1159 2534 1312 2589 octauum
1324 2552 1345 2590 n

167 2629 252 2691 enim
281 2648 426 2689 mensem
454 2648 554 2710 agens
584 2625 721 2689 Romam
751 2628 931 2691 translatus
959 2637 1019 2692 est.
1064 2649 1103 2691 ac
1131 2649 1173 2690 ne
1201 2626 1314 2714 dispar

167 2737 303 2792 euentus
325 2729 358 2791 in
382 2749 419 2790 eo
442 2736 629 2791 narraretur
651 2730 721 2791 eius
745 2728 856 2814 quiin
888 2727 1033 2793 Hesiodo
1053 2729 1210 2809 refertur,
1238 2752 1312 2792 cum

166 2830 277 2914 opinio
305 2827 392 2892 huuc
418 2851 482 2892 non
511 2827 680 2892 dissimilis
710 2840 873 2911 maneret,
902 2851 1003 2894 cunas
1025 2830 1161 2893 infantis
1191 2828 1312 2916 quibus

237 3033 263 3081 ll
273 3049 312 3096 sq.
327 3032 481 3082 Chronicon
493 3034 587 3099 [rosch.
601 3052 627 3100 p.
642 3034 699 3098 350,
712 3034 729 3113 β
742 3052 795 3100 sq.:
809 3029 891 3086 Κατὰ
903 3035 1005 3087 τοῦτον
1017 3029 1067 3087 adv
1080 3028 1184 3101 χρόνον
1196 3035 1232 3099 (a.
1249 3039 1312 3101 520)

78 3125 82 3132 ·
167 3094 314 3158 Λουκανός
336 3093 414 3162 aucti
429 3092 576 3166 Ῥωμαίοις
594 3097 681 3167 μέγας
703 3119 740 3169 ην
763 3099 811 3154 καὶ
831 3095 1046 3170 ἐπαινούμενος.
1076 3112 1187 3168 praeter
1211 3107 1312 3156 falsam

168 3170 298 3234 temporis
316 3166 548 3232 significationem
568 3170 616 3233 (cf.
635 3187 698 3236 pag.
717 3171 764 3233 78,
782 3171 808 3237 7)
829 3189 862 3221 ex
879 3173 1041 3237 Phlegoute.

253 3358 397 3413 „l'XXIII
410 3377 436 3414 o.
470 3359 503 3414 M
511 3382 554 3408 =
567 3360 750 3415 Monacensis
764 3361 791 3416 D
808 3367 826 3417 4
845 3364 865 3417 d
883 3365 941 3418 sive
965 3367 1044 3419 4610
1062 3365 1126 3420 olr'm
1146 3364 1312 3420 Benedictu-

167 3445 304 3498 buruuus.
332 3445 550 3500 «oriturarum.
569 3445 620 3500 XI
636 3447 679 3500 vel
693 3444 760 3500 XII
797 3447 880 3499 W:
895 3448 1154 3503 Wullcrsteiucnsis
1173 3451 1201 3503 in
1218 3450 1312 3504 biblio-

167 3529 249 3583 thern
268 3530 409 3598 prr'ncr'pis
433 3530 606 3602 Oltinqensir
625 3545 718 3599 prope
734 3531 919 3602 Nordlr'uqom
937 3548 960 3584 s,
984 3531 1050 3587 XII
1063 3535 1106 3589 uel
1126 3533 1211 3587 XIII
1239 3534 1313 3588 B:

170 3613 325 3667 Beruenses
341 3617 399 3667 370
413 3631 435 3668 a.
456 3615 488 3669 X
503 3616 581 3669 inille
600 3615 722 3668 mutilus.
753 3616 782 3669 in
798 3631 880 3669 ostem
903 3616 1016 3671 Weberi
1032 3619 1145 3672 conlati
1356 3664 1360 3677 .

252 3697 287 3752 Iu
311 3699 441 3753 lemmate
463 3695 535 3755 Vita
562 3696 665 3754 lllanci
684 3696 786 3753 lucani
806 3699 841 3754 M
859 3693 871 3778 Η
896 3697 1121 3756 de-sublata
1145 3703 1246 3757 addidi
1264 3699 1278 3779 Η
1301 3712 1307 3762 1
1364 3713 1368 3717 ’

166 3781 207 3855 Μ.
231 3796 357 3854 Anneus
384 3801 421 3855 W
438 3797 587 3855 Manneus
609 3799 643 3853 M
662 3798 701 3868 (el
721 3801 762 3855 sic
775 3805 888 3873 posteo)
905 3794 918 3877 Η
935 3799 1085 3857 menclam
1102 3801 1136 3856 M
1148 3798 1192 3876 Η2
1211 3799 1313 3859 betica

167 3876 267 3961 ,1111Ἠ
282 3880 422 3958 hispanie
444 3885 482 3938 W
494 3876 507 3961 Η
522 3892 540 3944 3
558 3881 725 3939 Romanum
742 3902 794 3939 om.
808 3885 841 3939 M
855 3905 878 3940 r.
904 3887 941 3939 W
954 3878 967 3965 Η
982 3883 1130 3942 illustrem
1146 3886 1243 3942 uirum
1259 3880 1311 3963 ΜΗ

167 3967 327 4040 dreginnis
343 3971 427 4024 editio
446 3972 537 4024 1477:
552 3964 708 4040 religionis
727 3968 760 4023 M
767 3971 804 4021 W
816 3963 828 4044 Η
844 3968 928 4030 ofnit
944 3972 1043 4026 addidi
1056 3962 1069 4048 Η
1088 3979 1120 4029 10
1135 3967 1224 4026 duret
1249 3973 1285 4024 W
1301 3966 1311 4048 ΗΗ

163 4062 197 4112 ll
216 4059 325 4128 poetae
338 4056 393 4106 irem
406 4055 469 4109 cdd.
485 4059 547 4107 rell.
562 4054 732 4120 omiserunt,
748 4055 853 4109 reclusi
866 4048 879 4133 Η
898 4061 928 4111 12
940 4051 1089 4110 Nouenrb.
1115 4055 1152 4107 W
1164 4048 1176 4132 Η
1192 4072 1222 4128 g.
1236 4054 1311 4111 Cac-

167 4156 235 4193 saro
259 4137 296 4191 W
316 4129 501 4214 {germanio
528 4157 556 4194 n.
581 4137 614 4191 Μ
631 4128 644 4215 Η
668 4135 803 4212 Apronio
832 4140 983 4194 Weberus:
1001 4138 1096 4215 primo
1122 4139 1189 4193 libri
1208 4132 1221 4217 Η
1245 4157 1312 4195 con-

168 4220 232 4277 sule
249 4221 283 4276 M
301 4213 306 4299 Η
339 4230 369 4281 13
384 4219 439 4277 sed
455 4228 485 4277 et
508 4222 537 4278 in
564 4223 601 4274 W
618 4217 630 4298 Η
656 4232 685 4281 15
708 4227 738 4277 et
754 4240 806 4277 om.
822 4223 855 4277 M
874 4215 887 4300 Η
912 4229 941 4282 16
957 4216 1089 4298 cninr]li
1112 4221 1143 4297 (i.
1167 4239 1191 4278 c.
1212 4233 1313 4280 antem

175 4307 292 4361 chcro
309 4301 440 4380 erectore)
461 4307 494 4361 M
507 4299 519 4383 Η
538 4314 566 4366 11
583 4305 613 4362 in
633 4326 668 4363 eo
688 4324 740 4362 om.
761 4299 819 4386 ΜΗ
836 4303 939 4362 esiodo
962 4306 995 4361 M
1009 4300 1022 4385 Η
1040 4314 1071 4367 18
1093 4302 1174 4362 hunc
1192 4311 1313 4379 scrr'psi:

168 4396 240 4444 tunc
257 4390 324 4445 libri
339 4407 405 4446 curn
421 4391 560 4446 Bartlrius
