2964 5002
647 392 750 467 cessar
772 393 810 434 111
1235 377 1298 439 469

169 548 271 603 critiam
287 542 431 622 (sonasse
446 553 472 603 et
480 542 647 621 intercidit)
664 550 857 620 prammaticos
868 547 995 621 profecto
1009 552 1134 606 conuenit
1148 568 1167 606 a
1178 557 1298 608 senten·

168 646 207 705 tia
219 644 350 708 Suetoui
366 645 537 707 reclusisse.
564 656 697 706 ceterum
716 645 755 706 ds
767 647 885 707 Latinis
904 648 1178 727 praepositionibus
1200 670 1298 729 manr-

167 747 264 809 mstici
287 747 339 809 vel
355 748 488 808 maxime
507 748 586 808 inter
603 769 636 809 se
657 747 862 820 dissidebant,
883 769 950 810 cum
970 751 1046 811 alias
1067 752 1120 810 alii
1142 755 1299 831 praeposi·

167 851 260 911 tiones
282 870 351 910 esse
372 848 601 911 contenderent.
632 852 676 910 sic
690 851 786 910 Varro
802 849 919 912 Scauro
936 861 1015 912 teste
1034 872 1064 931 p.
1081 862 1151 918 2262
1168 854 1204 913 P.
1218 872 1257 914 ea
1271 861 1300 915 in

166 955 247 1011 ubod
259 949 409 1013 adverbia
422 951 533 1011 localia
544 955 724 1023 nominavit,
740 973 820 1032 quae
835 953 890 1014 illo
903 952 1023 1014 OErarisi
1033 955 1101 1017 loco
1118 957 1199 1016 inter
1211 976 1298 1036 pras·

165 1054 328 1135 positiones
344 1053 526 1114 refernntur.
558 1053 706 1115 adverbis
721 1065 822 1115 autem
842 1056 955 1116 localia
975 1057 1013 1117 ah
1028 1056 1096 1117 aliis
1117 1058 1299 1138 praeverbia

166 1155 316 1236 adpellari
335 1154 450 1216 ibidem
473 1154 605 1216 Scaurus
626 1155 741 1237 prodit,
761 1165 794 1216 ut
810 1166 880 1237 apte
902 1157 1001 1218 eidem
1023 1162 1103 1239 parti
1119 1159 1299 1239 Suetoniani

165 1258 232 1319 libri
247 1256 449 1336 adsignentur
462 1277 542 1337 quae
555 1258 709 1320 Charisius
725 1258 763 1318 de
782 1258 888 1319 codem
904 1259 983 1320 Iulio
997 1261 1136 1322 Romano
1152 1272 1299 1341 excerpta

165 1359 304 1440 praebet:
336 1366 364 1418 et
373 1363 456 1434 prius
473 1363 542 1419 iliud
549 1363 745 1434 praeverbium
759 1381 797 1421 un
817 1364 978 1421 odaerbiam
999 1366 1054 1422 dici
1071 1366 1166 1423 debeat
1178 1367 1296 1441 dispate-

165 1479 230 1522 mus.
263 1464 414 1521 Suetonius
429 1466 526 1520 etenim
544 1464 720 1538 Tranquillus
729 1466 926 1540 proruentium
942 1473 1025 1539 putot
1037 1469 1093 1525 dr'ci
1109 1467 1208 1524 debere
1227 1469 1301 1541 prud

165 1574 224 1624 arb
245 1567 294 1624 uel
308 1564 411 1644 (immo
432 1563 575 1641 uerbum),
604 1568 765 1625 oduerbium
789 1568 862 1641 quod
874 1576 940 1641 post
959 1569 1072 1627 uerbum
1090 1571 1299 1643 appellationem

164 1671 241 1725 Mra
256 1682 409 1741 amnemque
419 1673 542 1739 ponatur
560 1664 679 1744 (fragm.
695 1666 768 1744 206).

245 1767 358 1846 Itaque
374 1768 405 1826 in
420 1765 499 1827 libro
513 1767 552 1827 de
566 1769 659 1829 variis
674 1768 765 1830 rebus
780 1767 992 1848 grammaticus
1009 1773 1203 1852 quaestiones
1219 1768 1298 1829 Stoi·

166 1890 265 1933 corum
277 1870 338 1930 ritu
354 1876 557 1947 pertractasse
566 1869 730 1932 Suetonius
744 1871 881 1948 videtur3
905 1870 960 1931 sed
976 1893 1042 1932 cum
1052 1873 1128 1933 haec
1140 1872 1206 1933 sole
1216 1873 1297 1950 frag-

103 2016 108 2025 ·
164 1981 263 2033 menta
282 1979 417 2032 aetatem
436 1969 576 2045 tulerint,
602 1972 678 2032 nihil
699 1971 738 2033 de
757 1975 848 2034 totius
871 1974 942 2034 libri
971 1974 1150 2034 condicione
1173 1983 1299 2035 conten·

166 2074 235 2137 ders
251 2072 365 2147 ausim,
378 2074 437 2134 nisi
454 2072 534 2153 quod
550 2073 616 2153 ipse
629 2074 690 2134 iam
703 2066 807 2136 titulus
819 2074 952 2135 indicat:
968 2078 1059 2136 etiam
1075 2076 1143 2135 aliis
1159 2075 1299 2137 derebus

165 2158 247 2237 dium
267 2175 449 2237 disseruisse
472 2173 580 2235 videri.
616 2185 748 2235 colorum
766 2174 866 2236 eidem
889 2176 968 2235 libro
992 2178 1226 2258 orthographica
1244 2178 1300 2238 illa

165 2278 302 2359 quaestio
317 2275 437 2356 (fragm.
448 2276 514 2357 bol)
532 2276 733 2338 adtribuenda
748 2277 884 2350 videtur,
898 2278 1025 2356 insignis
1040 2299 1077 2338 ea
1090 2290 1222 2339 monstro
1236 2302 1299 2340 cor·

165 2380 310 2463 ruptelae,
330 2378 413 2461 quod
428 2379 550 2440 domare
565 2380 675 2440 frustra
691 2378 800 2439 studui.

244 2484 376 2545 Restant
388 2480 627 2562 duo'Pranquilli
639 2482 944 2562 fragmentaqnorum
956 2482 1146 2541 occasionem
1160 2463 1297 2541 indicare

166 2584 295 2649 nondum
318 2584 455 2662 contigit.
485 2604 576 2643 unum
601 2582 682 2664 apud
705 2582 838 2643 Gellium
861 2582 922 2643 XV
947 2592 979 2657 t,
1007 2592 1025 2643 l
1050 2591 1149 2644 extat:
1182 2586 1297 2641 ciendam

166 2691 282 2748 Boram
298 2688 445 2745 Suetonius
461 2688 641 2762 Tranquillus
652 2690 843 2760 praepositam
856 2703 916 2745 esse
930 2707 949 2743 a
963 2687 1002 2744 M.
1019 2689 1134 2745 Antonio
1145 2689 1299 2759 prouinciis

166 2790 342 2850 mummiibtts
362 2791 534 2863 Parthosque
556 2792 585 2845 in
607 2790 719 2863 Syriam
743 2792 969 2864 introrumpentis
991 2790 1078 2846 tribus
1098 2788 1134 2844 ab
1160 2803 1191 2845 eo
1212 2764 1297 2860 proc-

166 2896 204 2952 liis
216 2894 298 2967 susos
310 2892 407 2948 scribit
416 2907 531 2964 eumque
539 2894 661 2966 primum
672 2896 790 2949 omnirtm
801 2894 835 2949 de
849 2892 964 2950 Parthis
979 2891 1164 2963 triumphasse
1177 2895 1204 2946 et
1212 2898 1299 2947 morte

106 2991 109 2997 ’
165 2997 231 3053 obdu
240 2995 353 3069 publico
362 2996 464 3066 serame
476 2995 612 3066 sepultum
621 3010 680 3051 csse
693 2990 782 3069 (⁶210).
807 2993 935 3052 alterum
950 2989 1075 3049 Servius
1089 2989 1186 3049 refert
1193 3008 1297 3068 georg.

165 3094 227 3163 IIII
244 3101 308 3160 tat:
325 3102 417 3168 siper
432 3099 576 3152 baustum
589 3099 674 3170 loupil
686 3097 827 3153 historiam
842 3115 860 3151 a
872 3096 998 3152 Suetonio
1012 3100 1197 3150 memoratam.
1216 3094 1296 3150 Porn-

161 3202 240 3273 peius
250 3201 323 3256 enim
333 3200 413 3255 uicies
426 3200 530 3270 pirolis
545 3198 670 3254 Cilicibus
682 3200 785 3270 purtim
796 3198 892 3254 ibidem
902 3199 1007 3268 parlim
1024 3199 1052 3251 in
1066 3196 1185 3252 Graecia
1193 3198 1300 3268 partim

165 3301 335 3359 scalaoria
350 3316 434 3373 apros
450 3299 523 3356 dedit
539 3296 625 3375 (209).
654 3296 763 3378 quibus
774 3297 951 3374 fragmentis
966 3296 992 3355 si
1004 3314 1041 3354 ea
1057 3314 1113 3375 per
1130 3304 1299 3374 respectas

165 3400 292 3461 indicari
306 3398 429 3459 ridetur
445 3400 624 3461 Suetonium
635 3407 756 3478 praeter
768 3397 935 3458 Caesarum
950 3396 1060 3470 libros,
1076 3397 1229 3477 inquibus
1243 3396 1297 3457 illa

165 3524 223 3563 non
249 3503 409 3582 leguntur,
437 3502 529 3562 aliam
548 3503 700 3562 historiam
723 3500 915 3580 perterruisse
934 3499 965 3557 in
990 3519 1052 3578 qua
1072 3518 1120 3557 res
1139 3498 1298 3559 Romanae

165 3604 288 3685 Pompei
301 3605 453 3664 otAntonl
462 3614 563 3665 aetate
576 3612 735 3663 enarratae
748 3603 868 3662 fuerint.
885 3602 944 3660 iam
957 3620 1029 3659 vero
1040 3601 1071 3659 in
1083 3599 1299 3660 additamentis

165 3706 343 3789 Hieronymi
354 3705 393 3765 sd
408 3706 524 3766 Eusebi
540 3705 703 3765 chronicon
720 3702 802 3763 haud
816 3724 917 3783 pauca
932 3710 1079 3780 excerpta
1095 3703 1195 3763 bonae
1208 3716 1239 3763 ct
1253 3705 1297 3762 in·

166 3808 240 3870 dolis
256 3820 287 3869 et
302 3808 462 3868 latinitatis
476 3809 716 3887 conspiciuntur,
734 3805 843 3888 quibus
859 3825 909 3865 res
922 3805 1080 3864 Romanae
1095 3805 1167 3865 inde
1179 3826 1198 3865 a
1208 3806 1297 3865 Pom·

164 3913 211 3991 pei
231 3919 328 3971 morte
347 3930 444 3989 usque
468 3909 506 3968 sd
527 3929 659 3989 pugnam
683 3909 842 3968 Actiacam
865 3907 1073 3965 inlustrantur.
1111 3907 1245 3985 conlegit
1260 3928 1298 3966 ea

164 4012 364 4073 Mommsenus
385 4013 415 4070 in
436 4012 689 4070 commentatione
712 4009 750 4070 do
775 4008 909 4069 fontibus
929 4008 1108 4090 Hieronymi
1127 4011 1185 4067 iam
1207 4028 1298 4085 supra

165 4112 298 4175 adhibita
311 4135 341 4194 p.
357 4123 406 4177 691
415 4132 481 4192 sqq.
495 4115 532 4171 cl'.
551 4134 579 4191 p.
595 4121 661 4186 681,
688 4132 726 4173 cx
743 4132 801 4191 quo
814 4120 915 4170 autem
930 4120 1054 4171 auctore
1067 4109 1225 4188 desumpta
1238 4110 1299 4169 sint

165 4216 193 4275 in
210 4216 328 4276 incerto
343 4215 476 4295 reliquiis
506 4214 559 4274 sod
577 4234 614 4273 nc
637 4214 704 4292 quis
727 4214 764 4273 do
783 4214 1031 4290 Itiviocogitaret
1055 4213 1166 4290 optime
1185 4211 1299 4269 monuit

164 4336 220 4377 uec
235 4316 377 4398 prodigia
392 4316 430 4375 ab
444 4317 631 4398 Hieronymo
650 4314 763 4375 tradita
777 4336 844 4374 cum
860 4312 1058 4394 Obsequente
1077 4312 1246 4371 minscntire
1267 4321 1299 4370 et

165 4418 329 4481 secundum
345 4399 648 4497 periochusintcritus
661 4415 747 4476 Coeli
764 4425 796 4476 et
810 4415 933 4475 Milonis
948 4416 979 4474 in
996 4414 1073 4473 libro
1087 4412 1125 4473 ab
1136 4412 1210 4472 urbo
1226 4432 1297 4473 con·
