2964 5002
586 379 629 422 nn
653 381 792 425 uarvars
819 380 928 423 anuvsr
1265 368 1328 432 223

273 527 464 595 'f'onitruum
488 529 613 593 sonitus
641 530 767 598 tardius
793 538 944 623 penetrat
971 550 1066 592 aures
1094 552 1190 615 quam
1218 531 1329 595 oculos
1342 518 1441 592 144*

199 630 337 718 splendor
357 630 504 715 fulguris
533 631 576 695 ad
601 633 708 695 instar
730 631 854 695 securis
876 629 1025 694 arborem
1053 631 1168 718 procul
1192 632 1329 696 caeden-

197 733 248 813 tis,
267 733 357 797 euius
372 732 508 819 quidem
528 740 604 797 ante
622 733 730 797 cernis
747 733 847 797 ictum
866 753 962 817 quam
985 731 1027 795 ad
1041 753 1137 796 aures
1159 736 1330 819 perueniat

196 839 316 900 sonitus.
344 832 483 898 nubium
498 833 621 898 adtritu
639 849 797 897 sursulus
813 834 1039 911 naseuntur;†
1054 856 1229 920 numquam
1243 837 1327 899 enim

178 957 300 1001 ssereno
317 935 409 1000 caelo
433 933 566 1021 fulgura
583 936 782 1011 micuerunt,
800 935 888 998 unde
910 942 944 997 et
961 933 1139 1019 Virgilius:

336 1060 402 1101 non
424 1035 506 1101 alias
529 1035 619 1100 caelo
641 1035 831 1100 ceciderunt
853 1033 948 1122 plura
966 1056 1080 1101 sereno

336 1137 478 1223 fulgura.

192 1239 224 1303 fit
243 1240 329 1304 onim
356 1239 481 1305 fulmen
500 1238 588 1303 nube
608 1237 714 1303 imbre
736 1246 769 1301 et
790 1245 904 1320 uento;
945 1259 1021 1299 uam
1047 1259 1121 1301 cum
1150 1249 1268 1303 uentus
1294 1242 1328 1304 in

191 1340 326 1407 nubibus
341 1338 552 1405 uehementer
569 1340 714 1427 agitatus
737 1348 804 1422 est,
827 1340 873 1402 sie
887 1338 1056 1402 incalescit
1068 1348 1104 1402 ut
1119 1341 1326 1425 accendatur,

164 1442 302 1507 adestne
323 1440 457 1529 fulgura
477 1450 511 1505 et
532 1442 677 1506 tonitrua
698 1437 795 1503 simul
818 1439 1062 1526 exprimuntur3
1093 1439 1151 1504 sed
1172 1439 1253 1505 illud
1277 1465 1328 1506 ce-

189 1542 282 1608 lerius
303 1542 451 1625 uidetur,
478 1544 555 1629 qnia
574 1542 697 1607 clarum
721 1550 786 1623 est,
808 1540 869 1604 boc
891 1550 999 1604 autem
1020 1540 1062 1604 ad
1083 1563 1180 1606 aures
1200 1543 1326 1607 tardius
1356 1529 1362 1539 ’

187 1646 341 1732 peruenit.
367 1652 442 1731 post
456 1643 603 1708 fulminis
618 1651 727 1707 autem
739 1644 841 1706 ictum
855 1651 1027 1707 uentorum
1040 1643 1060 1721 l
1073 1665 1241 1729 erumpere
1258 1646 1325 1709 uio-

267 1796 531 1854 ttt⁸1sidorusns
548 1804 649 1849 natura
667 1814 757 1849 rerum
775 1799 865 1847 XXX:
894 1797 949 1847 ‘De
969 1798 1138 1849 fulminibus.
1174 1799 1259 1849 Aiunt
1277 1816 1325 1849 na·

186 1868 311 1921 tnrslium
329 1872 501 1918 scrutatores
519 1882 663 1918 caussarum
682 1867 753 1931 qaod
773 1883 805 1914 ex
818 1866 971 1916 conlisioue
986 1867 1074 1931 adque
1094 1867 1197 1917 adtritu
1215 1868 1327 1917 nubium

185 1936 291 2003 fulgura
314 1940 486 2001 generentur
508 1935 544 1985 ad
566 1937 654 1986 instar
676 1934 784 1984 silicum
803 1934 954 1995 (lariorum,
986 1950 1053 1999 (suos
1076 1950 1137 1983 eam
1156 1937 1326 2001 conpulseris

185 2008 261 2067 (insse
272 2002 453 2069 conploseris)
464 2004 583 2053 inuicem
592 2004 656 2065 sibi,
667 2002 771 2051 medius
782 2018 815 2050 ex
824 2001 868 2051 his
878 2002 950 2066 ignis
963 2002 1084 2051 elabitur
1095 2001 1139 2051 rrel
1152 2003 1325 2067 ‹prsernadmo-

184 2072 279 2123 dunr'si
291 2072 395 2139 iignum
404 2070 481 2137 ligno
494 2076 578 2132 teras,
591 2072 683 2136 iguem
697 2070 807 2132 emittit,
820 2069 891 2119 unde
906 2074 933 2118 ct
942 2070 1087 2135 Pupiniam
1098 2071 1162 2120 audi
1173 2071 1325 2122 dicentem:

343 2138 509 2205 fulguraque
529 2139 639 2188 adtritis
657 2139 785 2202 quotiens
803 2138 924 2186 micuere
943 2137 1082 2202 procellis.

183 2208 232 2259 bae
249 2211 345 2273 itaque
363 2208 475 2256 ratione
494 2222 554 2256 cum
572 2205 668 2256 nubila
687 2205 807 2255 inuicem
825 2206 854 2253 in
873 2220 902 2255 se
926 2206 1030 2254 farsrriut
1048 2205 1168 2263 conlisa,
1188 2206 1252 2255 ilice
1271 2207 1323 2255 ful-

183 2276 253 2327 rnina
270 2277 442 2327 emittuntur.
478 2274 578 2323 debinc
600 2278 730 2323 seesmtur
748 2273 882 2334 tonitrua,
909 2288 979 2337 qnae
1000 2273 1066 2321 licet
1088 2274 1179 2322 sonita
1203 2274 1325 2323 tardiora

182 2346 236 2394 sint
251 2342 434 2411 praecedenti
454 2342 579 2392 concussi
597 2341 707 2391 laurinis
731 2340 861 2390 claritate
886 2341 992 2405 pariter
1014 2346 1106 2389 tamen
1131 2355 1190 2389 eura
1216 2340 1323 2404 fulgure

183 2414 355 2463 emittuntur:
391 2410 441 2460 sed
464 2425 556 2459 comam
579 2409 712 2459 sonitus
735 2408 871 2457 tardius
969 2408 1154 2473 perueniat
1178 2409 1322 2458 sortitas.

183 2496 246 2545 ergo
268 2480 407 2530 nubium
431 2477 563 2527 adtritu
663 2475 788 2525 debinc
812 2481 842 2524 ut
865 2476 1035 2540 praedictum
1054 2481 1097 2523 est
1115 2474 1254 2537 fulgura

183 2546 314 2597 ferrum.
356 2548 386 2595 in
410 2545 571 2595 fulminibus
595 2550 685 2594 autom
713 2549 871 2593 sanetorum
901 2544 1075 2607 accipiuntur
1102 2542 1236 2591 miracula
1266 2542 1322 2592 ela-

182 2615 260 2665 ritnte
284 2616 426 2681 signorum
450 2629 484 2662 ac
506 2614 636 2662 uirtutum
660 2612 794 2660 micantia
818 2611 905 2674 adque
931 2612 965 2659 ad
988 2611 1086 2659 intima
1113 2609 1204 2658 cordia
1227 2626 1324 2674 perue-

182 2682 295 2732 nientia.
314 2681 487 2733 Sublimis
500 2686 612 2730 tamen
625 2677 716 2729 loca’
731 2696 754 2728 e.
770 2695 794 2742 q.
808 2696 829 2727 s.
844 2680 965 2727 Isidorus
978 2679 1066 2743 origg.
1080 2679 1148 2726 xm
1161 2678 1223 2742 tlsq.
1261 2679 1322 2726 ‹sri-

182 2766 265 2815 genes
275 2748 371 2799 homil.
382 2749 411 2797 iu
423 2749 521 2797 Ierem.
534 2748 646 2812 interpr.
662 2747 820 2811 Hieronym.
834 2748 849 2794 5
862 2750 926 2795 tour.
942 2748 964 2793 V
976 2763 1039 2811 pag.
1054 2745 1116 2794 tat:
1138 2746 1228 2794 ‘aiant
1243 2751 1321 2795 natu-

183 2818 277 2867 raliunr
288 2832 434 2867 caussarum
443 2820 621 2878 scrutatores,
636 2815 699 2880 quia
711 2815 821 2877 fulgura
833 2831 866 2864 er
878 2815 989 2862 suabium
1001 2814 1144 2863 collisione
1157 2820 1322 2876 gesseramus

183 2884 209 2934 in
220 2902 322 2935 morem
335 2884 443 2935 silicum
455 2883 607 2943 norimus,
626 2898 693 2947 quos
707 2899 767 2931 cum
781 2882 960 2948 romploseria
973 2882 1027 2930 sibi
1039 2883 1144 2931 meslino
1162 2898 1194 2930 ex
1208 2882 1250 2930 bia
1265 2883 1321 2931 ela-

184 2953 253 3003 bitur
265 2954 352 3018 ignis:
367 2958 449 3017 atquc
462 2952 503 3000 ita
517 2967 577 3001 eam
590 2950 698 3016 fulgure
711 2951 816 3015 paritor
828 2956 856 2999 et
869 2951 991 2999 tonitrua
1003 2951 1123 3014 uurgire,
1137 2952 1256 2999 tonitruo
1268 2951 1320 2998 sci-

182 3018 247 3071 lieet
263 3022 382 3071 sonitum
400 3019 540 3069 iudicante
559 3033 707 3069 concussus
727 3024 754 3067 ot
773 3019 880 3083 fulgure
900 3019 1009 3066 excussi
1027 3018 1137 3067 lrrrninis
1155 3018 1321 3067 claritatem.

183 3087 400 3139 servissem!
417 3087 463 3136 ts:
487 3084 648 3151 Enubibus]
667 3086 824 3136 ‘seeundum
843 3085 985 3149 plastices,
1005 3087 1050 3149 qui
1063 3087 1159 3135 dicuat
1177 3086 1321 3135 collisione

183 3156 291 3205 nubium
304 3155 408 3205 fulmen
420 3153 529 3204 creari!
544 3156 728 3205 Sarriusrten.
744 3154 809 3202 Vlll
823 3152 886 3202 tao:
902 3153 985 3201 ‘iterra
1000 3155 1026 3201 in
1040 3155 1184 3202 materiam
1199 3153 1322 3203 fulminis

183 3225 264 3273 uertit
275 3239 311 3273 es
323 3240 357 3273 ex
370 3223 468 3288 quibus
480 3222 584 3272 fulmen
598 3223 735 3283 nascitur,
754 3222 853 3270 urrlrem
867 3221 980 3269 imbrem
992 3227 1112 3270 uantum.
1135 3237 1198 3270 nam
1212 3228 1242 3269 at
1254 3222 1320 3287 play·

183 3291 233 3341 sici
245 3290 356 3354 uolunt,
375 3306 434 3340 curn
448 3290 535 3340 rrsrbes
547 3293 637 3340 nentis
651 3291 775 3355 agitatae
790 3296 861 3351 strat,
881 3290 921 3337 sic
935 3289 1110 3339 incalescunt
1123 3295 1151 3337 ut
1166 3291 1322 3340 accendan-

183 3357 282 3407 tur.’—-
297 3359 444 3409 Lueretius
456 3358 494 3407 Vl
509 3357 556 3407 160
568 3374 641 3423 uqa:

331 3425 415 3492 fulgit
432 3427 512 3488 item,
533 3426 618 3475 nubes
631 3426 703 3490 ignis
717 3441 777 3474 eum
791 3426 898 3475 cerasina
910 3424 995 3474 multa

333 3508 478 3544 excussere
491 3509 540 3543 suo
553 3508 700 3555 coneursu3
715 3509 767 3543 eeu
779 3493 900 3558 lapidem
913 3494 938 3541 si

331 3562 469 3628 percutiat
479 3561 552 3626 lapis
565 3569 612 3611 aut
624 3563 738 3611 ferrum:
758 3578 821 3610 nam
834 3568 889 3609 tum
903 3577 1008 3625 quoquo
1028 3560 1118 3610 luascu

332 3630 412 3681 exilit
424 3634 453 3680 et
463 3629 556 3679 claras
569 3630 707 3679 scintillas
719 3630 837 3694 dissipat
851 3631 930 3691 ignis.

331 3697 380 3748 sed
392 3698 521 3747 tonitrum
539 3698 620 3747 litati
633 3705 696 3762 post
713 3699 824 3747 auribus
838 3699 1017 3761 accipiamus,

332 3764 438 3829 fulgere
451 3780 532 3830 quam
545 3772 661 3815 cernant
674 3766 755 3821 ricarli,
775 3766 839 3830 qrsia
852 3782 959 3830 seraper
973 3765 1006 3813 aa
1021 3766 1094 3815 auris

330 3832 436 3884 tardius
450 3833 599 3883 arlueniunt
613 3849 693 3898 apuam
706 3835 794 3883 rrisum
808 3849 878 3899 (parare
892 3840 1022 3882 moueant
1035 3850 1088 3883 res.

182 3930 381 3941 -0———n

266 3988 384 4039 lauras
399 3994 451 4031 om.
469 3967 505 4029 ΑΙ
522 3967 535 4053 ΙΙ
551 3973 648 4031 oorrlis
670 3968 707 4029 Α2
724 3968 768 4052 1Ιῖ
791 3972 918 4048 fulgoris
935 3975 990 4029 AB
1004 3968 1017 4053 {l
1033 3971 1137 4031 adstar
1157 3974 1183 4029 B
1198 3967 1211 4054 ll
1226 3990 1243 4033 s
1263 3974 1320 4030 ful-

181 4060 256 4119 mine
275 4067 301 4119 A
322 4056 335 4143 ΙΙ
358 4073 373 4123 5
387 4058 508 4135 fulgora
528 4056 593 4116 ΑΒ2
608 4053 621 4139 Η
637 4056 989 4135 ruunquam—fulgnra]
1004 4063 1144 4115 sesstratia
1156 4062 1191 4114 als
1213 4061 1322 4115 fusiora

179 4124 337 4204 brerfr'more
350 4153 490 4217 corrupta
505 4140 518 4223 {j
541 4146 625 4217 Vcrp.
637 4162 734 4217 prosp.
750 4145 769 4199 I
784 4148 843 4199 ts?
857 4139 870 4220 Η
886 4149 902 4202 7
920 4143 1039 4217 fulgora
1055 4137 1136 4222 ΑΒΗ
1151 4152 1169 4201 8
1184 4162 1220 4200 ex
1241 4141 1321 4199 nube

181 4231 208 4287 B
224 4226 239 4309 [l
257 4240 338 4294 uest
359 4249 412 4287 om.
429 4224 465 4286 ΑΙ
488 4222 501 4309 ΙΙ
525 4240 557 4291 10
573 4229 765 4304 fulguranti?
780 4222 793 4307 ll
809 4238 1043 4305 capraemontur
1059 4225 1095 4283 ΑΙ
1112 4264 1124 4301 p
1143 4239 1170 4288 11
1189 4246 1249 4305 qua
1266 4232 1289 4283 Α
1307 4224 1312 4305 Ι

181 4322 213 4376 12
228 4316 361 4375 fulminis
375 4319 401 4372 Α
416 4310 429 4395 ΙΙ
444 4313 558 4372 hictum
577 4310 611 4370 B¹
630 4313 717 4390 lapsa
732 4313 805 4370 flatu
822 4308 856 4368 Α1
874 4312 961 4390 lapsu
975 4314 1048 4371 flatu
1063 4313 1123 4370 icta
1140 4308 1177 4367 ,4¹²
1192 4308 1205 4393 ΙΙ
1222 4332 1306 4371 erum

179 4400 221 4479 pit
239 4398 387 4459 uiolentia
403 4405 441 4457 al.
1225 4426 1231 4432 ·
