2964 5002
166 378 226 443 196
666 391 798 435 raarvu

164 545 198 606 in
221 542 339 630 quibus
361 539 521 605 diuiditur
541 539 630 604 orbis
650 550 765 604 terrae.
810 539 869 603 has
891 538 1051 625 Virgilius
1079 541 1112 604 in
1140 541 1302 624 georgicis

164 645 306 710 ostendit
328 643 455 708 dicens:
798 710 807 730 .

455 747 597 831 quinque
619 753 731 808 tenent
752 744 876 809 caelum
897 766 1008 809 zonae.

165 848 223 913 sed
244 847 406 934 fingamus
430 867 486 909 eas
507 847 541 910 in
564 846 695 910 modum
717 846 873 910 dexterae
893 856 1042 928 nostrae,
1070 856 1107 910 ut
1127 843 1238 932 pollex
1262 847 1303 909 sit

165 950 306 1014 circulus
335 941 490 1031 ἀρκτικὸς
518 947 639 1032 frigore
671 947 912 1029 inhabitabilis,
951 945 1113 1011 secundus
1148 947 1329 1032 (digitusls

165 1051 306 1115 circulus
344 1042 482 1133 θερινὸς
521 1059 721 1136 temperatus
756 1048 963 1129 habitabilis,
999 1049 1127 1113 medius
1162 1049 1301 1113 circulus

165 1145 355 1237 ἰσημερινός
375 1150 520 1217 torridus
539 1149 778 1232 inhabitabilis,
802 1158 935 1238 quartus
958 1148 1100 1215 circulus
1120 1142 1303 1232 χειμερινὰς

164 1264 362 1342 temperatus
384 1251 592 1335 habitabilis,
620 1252 772 1316 minimus
798 1251 940 1317 circulus
967 1244 1185 1335 ἀνταρκτικὸς
1212 1252 1301 1335 higi-

166 1357 227 1422 dus
251 1355 486 1421 inhabitabilis.
531 1355 644 1420 horum
667 1355 789 1442 primus
812 1370 1137 1418 sustentaremus
1161 1362 1224 1434 cst,
1254 1375 1303 1416 se·

165 1587 221 1644 tes,
238 1580 320 1630 iidem
338 1580 450 1646 tropici,
468 1579 549 1629 iidem
562 1580 736 1641 solstitialem
756 1581 826 1631 alter
842 1580 986 1642 hibernus,
1005 1595 1054 1645 per
1068 1595 1147 1644 quem
1160 1578 1201 1628 sol
1215 1583 1303 1629 trans-

165 1651 225 1699 iens
244 1655 272 1698 et
289 1656 386 1698 tenens
399 1652 525 1697 octauam
540 1653 645 1713 partem
663 1649 817 1713 capricorni
830 1647 974 1698 solstitium
984 1647 1125 1697 hibernum
1136 1648 1219 1706 laeit3
1233 1646 1305 1695 alter

166 1718 296 1777 aestiuus,
314 1732 363 1781 per
376 1731 453 1780 quem
467 1716 508 1766 sol
520 1722 621 1765 octaua
634 1721 711 1781 parts
725 1717 819 1767 cancri
831 1716 976 1765 solstitium
995 1716 1128 1764 aestiuum
1146 1716 1230 1764 facit.
1248 1730 1304 1763 me·

165 1786 225 1834 (lius
243 1788 286 1833 est
304 1783 526 1849 aequinoctialis,
551 1784 595 1849 qui
619 1791 718 1834 octaua
739 1789 817 1849 parte
840 1783 934 1834 arietis
957 1783 1158 1847 aequinoctium
1178 1797 1303 1843 uernum,

165 1857 266 1902 octaua
277 1851 365 1900 librae
378 1851 535 1901 autumnale
549 1851 697 1901 constituit.
729 1857 759 1900 ut
771 1851 866 1902 circuli
879 1852 906 1900 iu
919 1851 1008 1913 eaelo,
1021 1852 1061 1901 ita
1073 1851 1102 1899 in
1114 1857 1202 1900 terra:
1217 1865 1303 1900 zonae

165 1927 306 1969 uocantur.
331 1918 528 1968 inhabitabiles
548 1919 622 1969 intra
644 1920 758 1986 frigidos
776 1920 894 1969 circulos
911 1920 945 1969 ob
964 1919 1094 1984 rigorem,
1118 1918 1189 1983 quod
1209 1918 1244 1967 sb
1261 1918 1304 1967 his

165 1988 323 2053 longissime
336 1987 377 2036 sol
395 1986 488 2045 abest,
506 1987 572 2038 item
590 1988 694 2037 medius
712 1987 936 2052 aequinoctialis,
959 1988 1028 2052 quod
1046 1987 1095 2036 sub
1113 1987 1220 2035 uertice
1236 1985 1302 2035 solis

166 2062 216 2116 est,
230 2056 279 2105 sub
293 2070 344 2121 quo
363 2054 472 2120 quidam
489 2054 610 2105 habitari
627 2055 720 2105 dicuat
737 2056 756 2116 †
771 2055 918 2121 eydrcpiae
937 2060 965 2103 et
977 2054 1142 2119 Aethiopiae
1157 2054 1300 2104 maximam

165 2128 279 2189 partem,
293 2124 359 2171 item
371 2122 502 2188 plurimas
514 2122 620 2173 insulas
632 2124 715 2173 rueris
729 2124 802 2172 rubri
815 2123 939 2188 aliosque
951 2123 1070 2172 uertices
1084 2123 1300 2186 eminentiaaqus

165 2200 298 2241 terrarum
311 2191 410 2240 nestris
422 2190 577 2256 ampliores.
602 2191 652 2241 sub
664 2191 777 2258 tropicis
789 2190 910 2241 habitari
922 2190 990 2240 nihil
1003 2190 1112 2240 dubium
1132 2195 1183 2240 est.
1210 2194 1302 2239 noster

165 2259 319 2309 solstitialis
338 2259 460 2308 aestiuus
478 2264 520 2308 est
532 2258 659 2309 excelsus
676 2265 759 2325 atque
772 2259 880 2309 arduus.
905 2259 984 2309 diuisi
1003 2275 1020 2308 a
1037 2259 1115 2308 nobis
1134 2258 1238 2307 circulo
1256 2272 1301 2306 ae·

166 2325 326 2392 quinoctiaii
339 2326 539 2389 antichthones‚
552 2327 634 2376 iidem
653 2327 841 2377 antistoechoc
860 2332 887 2379 et
904 2327 1038 2377 aatiscioo
1055 2327 1238 2376 nominantur.
1264 2324 1303 2373 ui·

166 2396 264 2444 dentur
281 2393 397 2444 humiles
419 2399 500 2459 atque
522 2395 645 2460 depressi
663 2395 813 2460 quibusque
831 2395 976 2460 antipodes
993 2395 1067 2444 infra
1084 2399 1160 2443 sunt:
1185 2393 1256 2458 quod
1275 2398 1305 2441 ut

166 2479 247 2528 posse
260 2459 399 2519 tridentus,
415 2462 539 2511 efficiunt
555 2464 640 2513 tlcaus
658 2463 888 2528 obliquitatosque
905 2468 1046 2513 terrenum.
1072 2462 1169 2526 incipit
1186 2461 1306 2526 signifer

166 2547 220 2580 uon
234 2530 268 2580 ab
282 2536 402 2579 extremo
416 2529 519 2580 eirardo
536 2545 587 2580 uec
607 2532 640 2580 ad
659 2536 806 2581 extremum
824 2531 1006 2595 pertenditur,
1020 2530 1068 2579 sed
1082 2530 1116 2579 ab
1129 2532 1182 2579 imo
1195 2529 1305 2593 tropico

167 2599 281 2648 australi
299 2597 467 2662 brumalique
486 2598 581 2647 codem
599 2614 648 2663 por
671 2599 902 2663 aequinoctialem
925 2599 959 2648 ad
981 2614 1111 2648 summum
1129 2597 1305 2646 solstitialem

168 2667 335 2730 eundemque
359 2665 520 2714 aestiualem
538 2682 587 2730 per
604 2667 719 2715 modium
737 2667 914 2731 longitudinis
937 2666 1142 2730 latitudinisque
1160 2672 1305 2730 porrectus

166 2732 322 2798 obliquum'
349 2734 443 2781 eadem
461 2733 551 2782 schol.
571 2735 728 2783 Germanici
746 2752 771 2799 p.
791 2733 824 2783 :ts
845 2750 885 2799 sq.
920 2735 1077 2784 Marcianus
1101 2734 1219 2798 Capella
1237 2733 1304 2782 Vlll

166 2803 214 2851 stt
237 2818 309 2866 sqq:
334 2801 443 2850 ‘decem
464 2801 519 2850 diei
542 2802 633 2850 ruundi
656 2803 771 2851 circulos
794 2817 937 2864 asscuer03
961 2818 1071 2866 quorum
1095 2802 1143 2851 alii
1165 2800 1303 2866 paralleli,

167 2885 233 2934 ques
252 2869 468 2932 aequidistantes
486 2870 585 2918 Latine.
610 2885 751 2934 possumus
768 2886 933 2927 memorare,
958 2871 1067 2919 eosdem
1091 2870 1167 2934 polos
1189 2869 1304 2929 hubent,

166 2953 232 3002 qum
245 2938 303 3001 ipse
316 2937 438 2985 nurndus.
463 2937 518 3001 poli
531 2938 601 2985 enim
616 2944 686 2995 sunt,
700 2940 744 3002 qui
758 2955 774 2987 a
787 2944 882 2987 centro
900 2939 995 2987 circuli
1008 2938 1083 2987 linea
1101 2953 1185 3001 usque
1205 2937 1232 2986 in
1252 2937 1303 2985 cir-

167 3005 362 3054 cumferentias
380 3004 461 3053 dueta
479 3005 635 3054 medietatis
652 3013 746 3055 sectae
764 3008 919 3056 insulturam
937 3021 1026 3070 aequa
1044 3006 1149 3054 ratione
1168 3005 1303 3053 discrimi-

166 3079 240 3122 nant.
267 3087 360 3120 uemm
379 3089 412 3121 ex
429 3073 572 3138 parallelis
590 3074 690 3137 primus
709 3074 732 3122 is
751 3081 805 3135 est,
825 3075 870 3138 qui
889 3081 917 3123 et
928 3090 1036 3138 semper
1049 3089 1184 3139 apparens
1199 3079 1227 3121 et
1240 3088 1303 3121 eon-

165 3142 274 3204 tingens
294 3140 412 3188 conlinia
430 3140 544 3190 linitoris
562 3156 705 3205 umnquam
727 3156 831 3191 mersus
850 3143 980 3205 assurgit3
1005 3142 1048 3206 qui
1071 3141 1305 3205 septemtrionalis

166 3209 284 3257 circulus
297 3208 455 3272 perhibetur
468 3224 500 3257 ex
514 3225 555 3270 co,
575 3209 718 3272 quodcum
732 3211 832 3259 ceteris
846 3225 915 3274 quac
928 3219 1085 3275 promentur
1098 3211 1180 3258 etiam
1192 3209 1305 3274 gemina

166 3276 258 3324 sidera
271 3276 474 3340 septemtrionis
486 3276 608 3325 includit.
635 3279 770 3327 secundus
785 3285 875 3327 autem
894 3295 926 3326 ex
939 3277 1081 3342 parallelis
1100 3277 1232 3326 suasimus
1250 3277 1303 3325 sol·

166 3343 278 3392 stitialis
291 3349 340 3403 est,
355 3345 390 3392 ad
403 3359 481 3408 quem
493 3344 534 3393 sol
548 3344 668 3394 aestiuus
683 3347 818 3395 accedens
831 3345 941 3394 solstitii
959 3346 1011 3394 line
1029 3344 1154 3409 repulsus
1168 3345 1303 3393 abscedit.

166 3412 262 3460 tertius
284 3412 493 3476 aequinoctialis
515 3412 618 3461 medius
641 3415 826 3478 ruaximusquc
849 3421 1020 3474 cunctorum,
1039 3429 1087 3478 per
1105 3429 1183 3477 quem
1202 3412 1243 3461 sel
1261 3428 1302 3461 se.-

167 3480 263 3540 crmdo,
277 3479 322 3528 uel
340 3496 399 3528 eum
413 3481 439 3529 in
454 3481 586 3530 aestiuum
600 3481 774 3544 flagrantiam
787 3483 873 3547 surgit
885 3481 929 3531 uel
948 3497 1007 3530 eum
1021 3482 1048 3530 in
1061 3481 1176 3530 hiberna
1189 3482 1303 3528 deseen-

167 3548 214 3608 dit,
234 3549 350 3612 quadam
363 3548 454 3596 nrtrndi
467 3547 616 3597 m'edietate
630 3556 776 3613 peruectus
788 3565 943 3598 mensnram
955 3549 1043 3598 noctis
1054 3549 1122 3598 lucia
1133 3549 1304 3612 aequalitate

168 3621 335 3680 compensat.
366 3615 430 3665 huie
447 3617 612 3681 propinquus
631 3617 774 3673 brumalis,
792 3618 819 3666 in
839 3633 916 3681 quem
935 3616 1047 3666 hiemali
1065 3617 1118 3664 tiae
1138 3617 1304 3680 perueniens

168 3686 196 3732 iu
215 3684 368 3749 aquilonem
386 3684 475 3733 denuo
496 3684 622 3748 repulsus
641 3686 768 3749 asstrrgit.
798 3685 907 3750 quintus
930 3693 1019 3734 autem
1044 3686 1169 3748 idemque
1192 3685 1304 3733 ultimus

168 3753 296 3802 australis
310 3751 407 3815 quique
421 3753 590 3801 antarcticus
608 3752 779 3818 perlrihetur3
798 3753 841 3801 hic
856 3769 959 3802 mersus
973 3769 1006 3802 ae
1026 3753 1069 3801 trix
1089 3752 1187 3802 altiore
1206 3751 1305 3800 circuli

168 3822 339 3869 extremitate
352 3818 500 3869 horizontis
513 3820 602 3871 delixa
616 3822 777 3886 contingens
790 3822 860 3870 tanti
873 3827 965 3870 tamen
977 3821 1059 3887 spatii
1078 3822 1172 3884 rqrranti
1186 3825 1303 3884 septem·

254 4001 261 4050 l
281 4010 314 4049 as
332 3987 368 4046 B¹
386 3986 399 4072 11
414 3991 544 4067 gergieis
557 3989 597 4048 B¹
612 3988 625 4072 11
649 3995 731 4066 Very.
748 4010 842 4067 qeorq.
860 3997 878 4051 I
890 4000 947 4050 322
963 3990 975 4071 11
990 4004 1093 4056 3zanc
1107 3988 1143 4048 Β1
1161 3984 1304 4070 ll'tmodo

166 4073 205 4134 13¹
222 4072 236 4158 11
251 4075 376 4133 dextrae
392 4074 431 4132 B¹
454 4070 466 4156 11
486 4088 502 4136 'o
519 4077 604 4134 culus
620 4074 655 4135 Al
676 4079 788 4155 primus
814 4078 944 4136 circulus
963 4079 1047 4136 culus
1063 4074 1100 4135 A²
1116 4078 1231 4156 primus
1247 4079 1302 4136 cir·

167 4161 251 4219 culus
273 4162 296 4217 Β
312 4155 325 4240 11
341 4162 451 4219 artieos
468 4168 491 4217 Α
512 4162 624 4219 articus
646 4165 672 4219 B
687 4158 699 4243 11
715 4163 865 4221 sccundus
879 4195 915 4204 —-
930 4162 1106 4221 habitabilis
1119 4182 1172 4220 om.
1190 4160 1302 4243 Α11(1ἰ-

166 4247 244 4321 gitus
264 4249 362 4303 (uldidi
374 4241 387 4326 11
403 4255 420 4308 6
437 4246 551 4303 terinus
572 4250 599 4303 B
613 4241 656 4328 117
674 4247 872 4306 hisenrerinus
890 4251 942 4304 AB
957 4243 970 4329 11
986 4249 1175 4307 exemerinns
1195 4256 1221 4307 A
1241 4249 1302 4306 exi·

166 4332 332 4388 merinusb‘
348 4327 392 4411 118
406 4328 558 4407 minimus]
574 4334 696 4410 quintus
710 4338 790 4406 viduo
801 4344 902 4390 corrtra
912 4337 998 4390 libros
1013 4330 1028 4416 11
1042 4335 1209 4394 antarticus
1222 4337 1276 4393 AB
1288 4332 1302 4416 11

165 4416 436 4493 9septentrionalis
456 4422 479 4472 A
