2964 5002
167 351 227 412 494
328 412 330 415 ,
575 373 608 412 ru
622 372 720 414 mrsu
734 372 881 413 ranauru

165 523 208 581 Et
222 522 388 580 certissimo
404 520 517 580 iudicio
534 523 598 581 veri
614 523 683 601 ipsa
696 523 773 581 haec
787 524 851 581 vita
865 523 1057 582 Terentiana
1082 534 1129 583 est
1149 525 1303 585 inferiore

166 624 198 682 in
215 624 282 682 loco
303 643 334 702 p.
353 632 400 695 ΒΞ,
419 633 466 696 15,
493 622 545 682 ubi
572 629 675 682 ‘ceteri
694 633 835 682 mortuam
857 611 918 681 aare
940 628 969 681 ia
990 628 1118 683 Arcadia
1140 629 1306 701 Stymphali

165 727 226 781 siae
250 726 410 782 leucadiac
431 729 565 812 tradant'
587 726 796 804 scriptumest
817 727 849 784 in
870 724 972 798 libris,
1000 745 1038 784 cx
1059 727 1303 807 interpolatione

167 836 267 886 autem
281 822 448 905 inrepsisse
465 829 626 900 Stymphali
639 847 752 886 nomen
767 827 848 885 infra
871 827 1042 906 apparebit.
1084 827 1132 886 Ibi
1152 830 1247 907 igitur
1268 832 1303 889 in

165 929 437 1008 interpretamento
465 930 587 988 fortuito
614 937 766 988 servatam
790 929 955 1007 legitimam
982 931 1144 1003 Stymphali
1171 933 1303 991 formam

165 1030 217 1089 ubi
236 1030 306 1088 huic
320 1031 353 1088 in
369 1050 429 1109 quo
444 1051 599 1090 versamur
620 1031 687 1108 loco
709 1030 948 1104 reddiderimus,
970 1032 1059 1090 simul
1080 1040 1196 1108 autem,
1224 1054 1302 1114 quas

167 1130 271 1191 turbas
295 1133 328 1190 in
350 1133 545 1211 antiquorum
571 1136 729 1212 poetarum
754 1131 908 1192 codicibus
933 1142 976 1190 est
1000 1132 1088 1192 verbi
1107 1135 1300 1213 aphaeresis,

168 1233 233 1302 sive
249 1234 472 1312 synaloepham
487 1233 583 1307 dicos,
605 1233 813 1314 tamquamde
833 1254 917 1293 more
940 1235 1104 1308 creaverit,
1126 1237 1302 1295 memineri-

165 1353 246 1408 mus,
265 1333 396 1394 dubitari
412 1338 519 1415 nequit
534 1336 607 1414 quin
622 1336 721 1414 ipsam
732 1336 833 1394 Porcii
847 1355 970 1394 manum
984 1336 1042 1394 hac
1058 1334 1180 1394 demum
1196 1356 1302 1395 emen·

167 1435 292 1496 datione
306 1456 534 1516 recuperamus:
557 1438 686 1495 Mortuos
704 1439 893 1510 Stamplralist
906 1440 1049 1495 Arcadiae
1067 1441 1182 1510 oppido.
1219 1439 1301 1498 Nam

165 1557 206 1597 ne
222 1539 289 1617 quia
304 1538 400 1598 hiatui
421 1540 630 1618 patrocinetur
653 1540 686 1598 in
706 1539 807 1597 medio
829 1536 1024 1619 septenario:
1044 1540 1187 1596 Martaost
1207 1541 1300 1614 Stym-

162 1641 246 1714 pha'li
259 1641 402 1698 Arcadiae
419 1642 536 1713 oppido,
558 1639 761 1719 reputandum
778 1649 824 1699 est
844 1648 969 1719 praeter
989 1640 1066 1713 alia,
1091 1642 1206 1700 artiore
1227 1662 1299 1702 con·

165 1744 338 1803 structionis
353 1742 489 1815 vinculo,
517 1761 606 1821 quam
626 1743 670 1800 ita
689 1751 722 1800 ut
744 1741 850 1800 divelli
872 1743 1006 1821 possint,
1028 1747 1172 1800 acaciae
1194 1748 1299 1817 oppido

165 1842 260 1902 verba
285 1844 443 1902 contineri.
487 1843 553 1901 Nec
580 1842 744 1902 offensioni
769 1863 836 1902 esse
858 1842 999 1922 dactylus
1024 1845 1056 1902 in
1082 1853 1191 1924 quarto
1217 1845 1298 1924 pede

166 1943 275 2017 debet,
297 1954 331 2003 ut
346 1945 396 2022 qui
411 1944 485 2002 satis
500 1943 611 2002 veniae
627 1964 693 2002 cum
708 1964 726 2002 a
741 1945 866 2003 nomine
881 1946 1006 2024 proprio
1027 1955 1090 2004 tum
1104 1943 1144 2002 ab
1159 1946 1230 2024 ipsa
1246 1947 1297 2005 oli-

163 2047 252 2105 sione
267 2044 388 2104 habeat.
432 2046 559 2104 Prorsus
581 2054 690 2104 autem
702 2046 889 2126 simplicitati
910 2045 1169 2119 conlocandorum
1189 2046 1297 2106 verbo·

161 2166 242 2220 rum,
259 2167 320 2226 qua
333 2147 395 2205 hoc
406 2166 502 2224 genus
517 2166 659 2207 versuum
674 2148 801 2225 regitur,
818 2146 938 2207 inludat
953 2148 978 2206 si
994 2149 1045 2227 qui
1061 2149 1193 2205 Mortuos
1205 2151 1297 2223 Stym-

160 2249 246 2322 pla'li
261 2249 431 2307 Arcadiaest
445 2250 549 2323 cippido
568 2248 781 2308 commendare
797 2250 928 2332 animum
943 2246 1148 2325 induxerit*).

247 2350 323 2428 Bag.
338 2350 395 2424 28,
414 2351 504 2411 4-·1
525 2371 591 2411 cum
607 2351 690 2410 exitu
704 2352 786 2410 tertii
800 2350 881 2410 b'ene
896 2352 1009 2410 factum
1024 2350 1106 2430 quod
1122 2371 1187 2410 non
1202 2352 1297 2410 semel

164 2452 293 2531 scriptos
308 2451 468 2526 habemus,
491 2452 547 2512 sed
563 2454 641 2512 circa
661 2453 754 2511 finem
768 2453 856 2511 huius
871 2454 952 2511 vitae
974 2473 1005 2532 p.
1020 2462 1068 2525 33,
1084 2461 1101 2514 6
1115 2453 1243 2512 iteratos
1264 2454 1296 2512 in

165 2552 249 2612 libris
266 2562 335 2631 post
350 2555 402 2613 illa
417 2574 495 2633 quae
516 2565 586 2613 sunt
606 2559 774 2628 qaamayis
798 2559 887 2610 miror
907 2557 1039 2612 Porciam
1066 2558 1201 2612 scabere.
1237 2556 1296 2614 Ita·

166 2674 225 2734 que
242 2676 300 2734 quo
318 2656 491 2735 expeditior
506 2657 638 2715 conlatio
655 2664 750 2727 esset,
771 2656 928 2734 utriusquc
944 2657 1002 2713 loci
1018 2655 1200 2729 versiculos,
1225 2676 1297 2735 qua-

248 2872 274 2936 *J
294 2873 420 2922 Ceterum
439 2890 493 2923 non
513 2875 570 2924 fore
593 2873 666 2923 lectu
686 2874 834 2922 iniucunda
854 2875 971 2922 arbitror
989 2889 1058 2938 quae
1082 2874 1116 2923 dc
1139 2875 1183 2923 his
1211 2877 1297 2924 versi·

165 2959 214 3007 bus
232 2975 280 3023 per
297 2957 429 3022 prooemii
448 2960 601 3009 academici
619 2959 849 3023 opportunitatem
867 2960 988 3022 proximo
1008 2974 1078 3007 auno
1097 2975 1114 3006 a
1132 2975 1175 3007 me
1194 2965 1295 3008 tracta·

164 3045 200 3092 tis
219 3045 248 3092 F.
267 3043 317 3090 Th.
336 3044 498 3092 ll'clcherus
522 3044 556 3092 ad
579 3061 621 3092 rue
644 3043 833 3108 perscribebat
857 3058 890 3091 or
913 3044 1020 3092 itineris
1039 3044 1139 3092 Gracci
1166 3043 1296 3092 memoria

165 3129 296 3192 repetita:
323 3129 393 3176 ‘Das
417 3128 535 3176 Gadicht
558 3128 604 3177 dos
624 3129 736 3176 Porcius
754 3128 813 3176 Lic.
839 3127 874 3175 ist
898 3128 995 3175 hiichst
1019 3129 1186 3176 interessant
1211 3128 1296 3176 durch

165 3213 207 3261 die
227 3213 280 3260 tici
297 3213 439 3276 gehenden
457 3212 656 3276 Andautungen
674 3212 718 3260 die
738 3228 766 3260 es
792 3211 862 3259 uach
882 3212 949 3260 arvei
969 3212 1064 3259 Sciteu
1082 3212 1142 3271 hin,
1168 3212 1219 3260 wie
1244 3228 1295 3260 von

166 3296 254 3345 ciuem
272 3295 360 3345 hohen
379 3296 480 3345 Stando
500 3297 548 3345 der
566 3296 697 3359 Biiduug,
725 3297 753 3344 in
771 3295 868 3344 rnildcr
886 3296 1012 3345 und't'ast
1033 3296 1187 3359 clegischor
1205 3296 1296 3344 Satira

166 3380 322 3429 ausdriickt.
358 3382 447 3429 Wenn
466 3396 495 3429 cs
518 3381 594 3429 nicht
621 3397 670 3429 aus
693 3381 796 3429 andern
815 3381 944 3429 Griindeu
967 3380 1235 3428 unwahrschoinlich
1260 3381 1296 3429 ist

165 3465 227 3514 dass
246 3466 293 3514 dor
316 3467 408 3529 gcnial
432 3465 598 3515 anziehonde
617 3466 747 3527 Liebling
768 3465 817 3513 der
840 3465 958 3514 Grosscn
981 3465 1040 3514 sich
1064 3466 1092 3513 in
1115 3465 1296 3514 Zorwiirfniss

137 3588 143 3600 .
164 3550 218 3598 und
236 3550 368 3599 Verdruss
386 3552 509 3600 wirklich
529 3552 555 3599 in
574 3551 621 3599 das
640 3550 762 3615 poetisch
781 3549 834 3599 uud
853 3549 982 3615 politisch
1001 3551 1053 3598 deu
1072 3550 1191 3598 Riirncru
1209 3550 1296 3598 schim

105 3619 108 3628 ¹
164 3634 312 3699 klingcndc
331 3636 470 3685 Arkadicn
488 3636 712 3700 zuriickgezogcu
730 3635 790 3695 hat,
816 3651 846 3684 so
870 3651 925 3683 suar
948 3634 1121 3698 Stymphalos
1146 3635 1191 3682 oin
1211 3651 1294 3697 ange-

165 3720 245 3769 nehru
264 3721 411 3784 gelegener
429 3722 483 3769 und
501 3721 565 3770 hein
584 3719 690 3768 kloinor
703 3719 761 3769 Ort.
797 3721 839 3767 An
858 3721 905 3767 dor
923 3720 985 3769 sehr
1003 3719 1133 3783 golinden
1151 3719 1206 3766 uud
1226 3723 1293 3772 uthr-

164 3807 243 3870 sigcu
266 3805 392 3867 Anh'ohe,
418 3822 457 3854 wo
476 3806 519 3854 die
543 3805 606 3853 u'cit
624 3809 795 3854 verstrcuten
815 3805 920 3853 Ruineu
939 3804 991 3852 don
1009 3803 1131 3866 [Insang
1149 3802 1197 3850 dor
1215 3803 1295 3851 Stadt

165 3893 276 3956 zeigen,
296 3892 370 3939 fiunt
387 3891 431 3939 ein
451 3890 554 3960 elimals
571 3888 771 3939 vortrefflicher
783 3889 933 3952 Stoinwog,
953 3889 981 3935 in
994 3889 1091 3936 Stut'cn
1110 3876 1205 3936 wovou
1225 3888 1294 3936 noch

164 3976 221 4027 viel
239 3976 363 4025 erhalten
381 3977 429 4036 iat,
449 3976 525 4023 sanst
542 3975 652 4034 hinaut'3
670 3974 724 4022 und
742 3979 827 4023 unton
846 3990 888 4021 om
902 3973 980 4022 ltaud
998 3974 1058 4021 siud
1071 3973 1099 4019 in
1112 3972 1156 4020 die
1169 3972 1293 4036 niedrige

164 4078 225 4129 zum
242 4061 321 4110 Theil
340 4056 555 4123 einigcrn‘rassen
573 4060 714 4108 bchoucnc
734 4059 876 4107 Felsuand
896 4059 959 4106 odor
978 4073 1025 4106 aus
1042 4057 1086 4129 ihr
1104 4057 1204 4105 heraus
1222 4058 1292 4105 Exo-

165 4147 231 4196 drcn
250 4145 437 4210 auagchauon,
456 4159 509 4192 von
528 4145 616 4193 deuon
635 4160 684 4192 aus
702 4158 765 4191 ruan
784 4144 832 4191 das
851 4144 931 4191 wcito
945 4141 1014 4189 Thai
1034 4143 1082 4189 ruit
1100 4142 1159 4189 dem
1174 4144 1225 4189 Soc
1240 4141 1293 4189 und

164 4232 225 4281 dem
243 4230 379 4301 maissigen
396 4229 520 4301 Bergaug
538 4229 696 4292 gcgouiibar
720 4242 788 4288 grum
814 4226 982 4290 gemiithlioh
1003 4225 1152 4290 plauderud
1177 4225 1292 4289 hequem

164 4315 352 4365 iiberschaucn
368 4311 490 4364 konnteff
527 4309 1050 4363 Cf.Rossii·lioiacnu.Roiseroutou'
1071 4311 1292 4374 p.51sq.,t'ur·
1375 4314 1377 4319 ’

164 4404 197 4451 tii
213 4401 362 4464 Peloponn.
380 4401 393 4449 I
409 4415 435 4464 p.
453 4397 503 4447 204
520 4413 559 4462 sq.
