2964 5002
336 399 571 443 surrueauurs
593 399 682 441 arsur
703 399 746 441 os
770 397 977 440 sarusarrsu
1000 396 1140 439 usrvms
1248 381 1311 443 265

165 551 397 618 eyguidieantur.
429 555 533 601 nautae
551 564 619 601 uero
637 549 691 600 sibi
708 550 780 599 huuc
798 550 898 600 bonam
916 549 1073 616 prognosim
1093 549 1187 598 tacere
1205 547 1309 611 dicuat,

166 622 242 671 sieut
261 620 301 669 ait
317 619 470 669 Aemilius:

318 702 425 753 cygnus
443 688 472 737 in
490 686 621 752 auspiciis
639 702 747 751 semper
764 684 933 736 laetissimus
952 685 1020 735 ales.

317 755 392 805 hune
410 758 509 822 optant
525 762 645 815 nautae,
670 755 782 819 quisse
801 769 856 803 nou
874 754 974 818 mergit
991 754 1020 802 in
1038 751 1145 802 andas'

166 820 512 873 ct'.8erriusden.139‘l.
547 820 595 872 35:
615 822 771 872 ‘Mouedula
783 824 863 888 quasi
880 821 1031 882 monetula,
1050 835 1120 885 quae
1136 836 1197 870 cum
1216 836 1311 870 aurum

167 890 277 940 inuenit
293 890 387 941 aufert
404 896 434 940 et
450 890 582 941 oecultat.
606 888 704 939 Cicero
715 905 765 955 pro
777 889 890 939 Valerio
903 889 1006 939 Flacco
1025 887 1080 949 (31,
1101 890 1157 949 tot:
1175 889 1237 938 Non
1249 888 1311 953 plus

166 973 265 1008 surum
281 958 333 1008 tibi
352 973 434 1023 quam
451 956 614 1007 monedulae
642 956 885 1007 committendam‘
921 956 966 1007 37:
992 956 1140 1006 ‘Luscinia
1163 957 1223 1006 auis
1247 956 1311 1006 inde

167 1042 267 1077 nemen
288 1026 419 1090 sumpsit,
446 1024 605 1091 qnodcantu
622 1040 671 1074 sao
689 1024 848 1090 significare
867 1025 938 1074 solet
956 1023 1012 1073 diei
1030 1024 1169 1088 surgentis
1188 1028 1311 1073 exortum

166 1094 248 1159 quasi
260 1092 374 1143 lucinia.
405 1093 503 1143 sedem
521 1098 549 1143 et
567 1091 713 1161 acredula,
732 1093 765 1142 de
785 1108 839 1157 qua
857 1091 955 1142 Cicero
975 1093 1003 1141 ia
1021 1092 1220 1156 prognosticis:

321 1166 350 1211 et
367 1162 518 1211 matutinos
536 1166 650 1211 exercet
667 1160 800 1210 acredula
819 1158 937 1210 cautus!

165 1226 214 1278 39:
238 1228 332 1279 ‘Buba
350 1244 368 1277 a
385 1243 453 1278 sono
471 1228 550 1279 uocis
573 1228 752 1293 compositum
775 1244 874 1278 nomen
891 1227 989 1287 habet,
1019 1227 1079 1276 auis
1098 1226 1193 1277 feralis
1212 1232 1312 1277 onusta

165 1295 278 1361 quidem
295 1295 397 1362 plumis
415 1295 465 1347 sed
482 1296 563 1360 graui
580 1311 689 1361 semper
706 1296 820 1346 detenta
837 1296 964 1361 pigritie;
982 1295 1011 1343 in
1030 1294 1165 1359 sepulcris
1183 1294 1228 1345 die
1246 1310 1310 1347 noe·

164 1375 251 1429 tuque
268 1368 399 1415 uersatur
416 1368 445 1414 et
462 1379 570 1429 semper
588 1379 758 1413 commorans
776 1365 805 1413 in
823 1364 965 1423 cauernis;
989 1363 1022 1412 de
1042 1377 1095 1427 qua
1113 1361 1242 1413 Ouidius:

320 1430 457 1496 foedaque
476 1430 506 1481 rit
522 1431 644 1481 uolueris
661 1433 772 1481 uenturi
789 1433 888 1482 nuntia
905 1431 996 1480 lactus

320 1499 440 1565 ignauus
457 1499 543 1561 bubo,
567 1498 657 1548 diram
676 1500 839 1549 mortalibus
857 1514 945 1550 omen.

165 1566 287 1631 denique
306 1566 381 1632 apud
399 1582 518 1631 augures
535 1566 636 1617 malum
654 1567 818 1632 portendere
837 1569 937 1617 fertur:
955 1582 1019 1615 uam
1039 1581 1100 1616 eum
1118 1567 1146 1616 in
1164 1566 1232 1617 urbe
1250 1567 1312 1617 uisa

166 1634 266 1696 fuerit,
289 1633 469 1685 solitudinem
486 1634 640 1700 significari
662 1634 778 1684 dicuut.'
818 1636 865 1684 dl:
891 1634 1001 1685 ‘Cornix
1026 1650 1132 1685 annosa
1156 1636 1216 1685 suis
1239 1634 1312 1701 apud

164 1701 286 1752 Latinos
304 1717 407 1767 graeco
424 1702 535 1752 nomine
553 1702 723 1768 appellatur,
743 1719 824 1768 quam
843 1704 921 1753 aiunt
939 1717 1057 1767 augures
1075 1703 1213 1752 hominum
1232 1719 1312 1754 cursu

165 1768 422 1834 significationibus
441 1784 558 1835 sugero,
581 1770 744 1820 insidiarum
763 1773 824 1821 uias
841 1777 1008 1831 monstrare,
1033 1771 1126 1820 fertura
1149 1770 1312 1836 praedicere

241 1836 308 1887 lruic
331 1837 405 1887 inter
426 1838 515 1888 multa
541 1839 669 1903 auspicia
694 1839 819 1888 tribuunt
842 1840 927 1888 etiam
949 1839 1060 1903 pluuias
1083 1840 1247 1904 portendere
1264 1854 1313 1890 uo·

166 1904 261 1955 cibus:
284 1904 358 1954 uude
377 1911 421 1954 est
439 1904 507 1954 illud
525 1904 620 1970 (Verp.
641 1922 732 1970 peorg.
752 1906 770 1955 I
788 1907 864 1967 388l:
883 1907 952 1955 Turn
972 1907 1068 1955 cornix
1085 1905 1169 1971 plena
1187 1906 1312 1972 planiam

165 1978 255 2021 uocat
276 1972 404 2038 improba
426 1970 515 2024 uoce.’
554 1972 601 2022 47:
627 1974 723 2023 ‘Picus
750 1989 767 2023 a
788 1974 856 2025 Pieo
881 1973 991 2023 Saturni
1016 1973 1073 2023 filio
1097 1989 1197 2024 nomen
1221 1990 1311 2041 sump-

165 2040 214 2101 sit,
232 2040 357 2105 eoquod
375 2056 411 2090 es
428 2041 457 2090 in
476 2041 610 2105 auspiciis
626 2041 767 2091 utebatur.
801 2056 866 2091 nam
884 2042 977 2091 ferunt
994 2041 1067 2091 banc
1086 2057 1166 2091 auem
1184 2043 1313 2107 quiddam

164 2106 273 2157 habere
295 2107 434 2165 diuinum,
457 2107 505 2158 illo
528 2108 633 2158 indicio
656 2108 726 2172 quod
749 2110 778 2158 in
801 2124 971 2173 quacumque
996 2110 1092 2160 arbore
1116 2110 1312 2173 nidificauerit,

166 2174 268 2224 clauus
288 2175 336 2225 uel
359 2174 493 2240 quidquid
515 2175 591 2226 aliud
613 2174 696 2226 fixum
720 2177 804 2226 inerit
827 2175 875 2225 diu
898 2177 1014 2226 haerere
1038 2192 1093 2226 non
1116 2179 1216 2242 possit,
1247 2178 1313 2243 quin

165 2243 264 2293 statim
283 2241 409 2304 excidet,
433 2243 481 2292 ubi
499 2259 533 2292 ea
551 2243 693 2293 insederit.
722 2245 776 2294 iste
801 2250 844 2294 est
863 2245 940 2309 picas
957 2244 1092 2305 Martius;
1111 2261 1175 2294 nam
1195 2246 1253 2295 alia
1272 2251 1315 2296 est

165 2308 255 2376 pies!
283 2308 331 2361 sl:
355 2309 441 2360 ‘Auos
460 2310 496 2359 ab
515 2310 680 2361 assiduitate
699 2311 815 2361 natandi
834 2317 927 2377 aptum
946 2327 1044 2361 nomen
1059 2313 1178 2377 aceepit.
1216 2329 1313 2378 exque

165 2392 272 2439 genere
290 2377 429 2443 quaedam
447 2393 595 2441 germanae
622 2378 765 2441 dicuntur,
790 2379 862 2444 qued
885 2380 946 2446 plus
970 2381 1072 2429 ceteris
1095 2378 1239 2429 nutrient’
1275 2381 1329 2430 ei.¹

164 2444 258 2495 Varro
278 2446 312 2495 L.
331 2444 365 2495 1..
390 2444 415 2492 V
439 2444 481 2495 ts.
521 2444 556 2495 60
573 2462 629 2510 sq.:
652 2446 764 2496 ‘Tartar
786 2448 819 2497 ds
843 2462 910 2497 uoce
929 2452 1060 2506 uocatur,
1087 2447 1149 2494 auis
1167 2447 1268 2510 pudica
1286 2452 1316 2497 et

167 2528 282 2577 semper
298 2514 327 2562 in
346 2513 479 2563 montium
497 2513 569 2578 iugis
588 2519 616 2564 et
633 2514 663 2564 in
680 2514 799 2565 desertis
816 2514 1013 2565 solitudinibus
1026 2529 1207 2562 commorans.
1237 2520 1314 2564 tecta

168 2580 244 2629 enim
261 2580 404 2631 bominum
423 2586 451 2630 et
469 2582 708 2631 conuersationem
726 2583 808 2645 fugit,
828 2589 856 2632 et
874 2587 1057 2632 commoratur
1075 2581 1103 2628 iu
1121 2581 1208 2630 siluis.
1243 2596 1313 2644 qaae

168 2649 257 2697 etiam
273 2647 367 2697 bieme
385 2647 545 2713 deplumata
563 2650 592 2697 in
610 2651 714 2699 truncis
734 2651 860 2700 arborum
880 2650 1010 2699 concauis
1033 2647 1162 2697 habitare
1185 2648 1314 2713 perhibe·

166 2724 222 2765 tur.
259 2716 340 2765 euius
358 2730 374 2765 e
393 2716 532 2766 contrario
551 2716 679 2766 columba
701 2717 822 2781 hospitia
843 2719 964 2766 humana
987 2716 1079 2781 diligit
1096 2730 1204 2782 semper
1221 2715 1313 2767 domo·

167 2798 228 2831 rum
251 2781 357 2833 blanda
378 2781 540 2833 habitatrix.
581 2784 725 2834 columbae
743 2784 851 2845 dictae,
875 2784 946 2849 quod
965 2800 1058 2833 earum
1077 2784 1150 2834 cella
1168 2784 1203 2834 ad
1221 2784 1313 2847 singu·

166 2849 211 2899 las
228 2850 430 2901 conuersioues
447 2850 691 2914 coleres-mutent,
710 2868 776 2904 sires
795 2859 956 2903 mansuetae
975 2857 1003 2901 et
1020 2853 1048 2901 iu
1066 2851 1206 2903 hominum
1223 2851 1314 2901 multi-

166 2918 265 2967 tudine
283 2924 495 2979 conuersantes,
514 2933 547 2969 ac
566 2921 625 2968 sine
644 2920 725 2978 felle,
745 2936 812 2984 qrras
831 2921 937 2985 antiqui
956 2921 1084 2969 rienerias
1106 2921 1313 2987 nuncupabant,

169 2985 293 3050 eoquod
309 2985 391 3036 nidos
409 2984 586 3049 frequentent
610 2992 638 3036 et
654 2988 747 3037 osculo
772 3004 891 3037 amorem
917 2986 1095 3051 concipiant)
1131 2987 1177 3038 aa:
1197 2987 1315 3037 ‘Merula

169 3054 323 3119 antiquitus
335 3052 448 3103 medula
464 3054 626 3112 uocabatur,
646 3071 678 3104 eo
698 3056 768 3120 quod
786 3056 947 3106 moduletur.
978 3055 1028 3104 alii
1041 3055 1172 3104 merulam
1185 3061 1314 3106 uocatam

168 3121 256 3182 aiunt,
274 3122 343 3187 quis
360 3121 421 3171 sola
438 3121 529 3184 uolat,
548 3123 627 3186 quasi
645 3138 721 3171 mera
738 3124 844 3173 riolaus.
879 3123 950 3173 haec
969 3138 1030 3171 cum
1054 3123 1082 3171 in
1102 3124 1227 3172 omnibus
1245 3124 1314 3174 locis

167 3190 249 3255 nigra
271 3190 323 3243 sit,
347 3190 378 3237 iu
396 3187 504 3237 Achaia
526 3190 646 3238 eandida
665 3189 726 3239 est)
762 3192 799 3240 cf.
818 3192 905 3239 l'arro
922 3192 954 3240 L.
974 3190 1006 3239 L.
1024 3191 1048 3239 V
1065 3189 1099 3238 ta
1116 3190 1219 3239 Paulus
1238 3192 1315 3242 Festi

168 3270 189 3305 s.
207 3272 237 3305 r.
253 3270 360 3306 merum
382 3254 595 3320 potentatu.
618 3256 673 3318 Ill,
694 3257 736 3307 38.
772 3259 817 3308 75:
843 3261 981 3322 ‘Augures
1005 3263 1097 3308 autem
1121 3257 1217 3307 dicunt
1240 3264 1268 3308 et
1286 3261 1314 3310 ia

169 3330 248 3388 gestu
266 3328 297 3373 et
313 3324 343 3372 in
366 3327 442 3374 motu
465 3328 494 3373 et
511 3324 539 3373 in
557 3323 652 3374 uolatu
676 3330 704 3374 et
722 3327 750 3374 iu
768 3341 838 3376 uoce
857 3327 949 3375 auium
972 3327 1054 3390 sigas
1074 3340 1133 3375 esse
1153 3328 1313 3378 constituta.

169 3392 278 3441 oscines
302 3405 372 3440 aues
393 3396 509 3451 nocsut,
537 3406 608 3456 quaa
627 3408 673 3441 ore
693 3399 830 3458 cantuque
850 3395 1002 3458 auspicium
1021 3394 1143 3453 faciunt,
1168 3399 1199 3442 ut
1216 3411 1316 3446 ceruus

170 3459 263 3508 cornix
275 3459 366 3522 picus.
379 3456 476 3517 alites,
490 3473 561 3523 qaae
573 3459 668 3509 uolatu
682 3462 824 3511 ostendere
839 3462 930 3510 futura
942 3461 1084 3519 uidentur,
1099 3476 1170 3525 quse
1182 3462 1206 3511 si
1218 3463 1314 3513 aduer-

170 3536 217 3574 sae
234 3530 314 3587 sunt,
332 3526 449 3575 inebrae
468 3524 610 3588 dicuntur,
630 3528 701 3591 quod
719 3528 865 3578 inhibeant
881 3528 909 3576 id
927 3535 969 3578 est
986 3534 1095 3589 uetent;
1113 3530 1137 3578 si
1156 3546 1314 3594 prosperae,

169 3598 327 3659 praepetes,
340 3598 370 3643 et
383 3592 446 3641 ideo
457 3599 612 3659 praepetes,
627 3596 692 3659 quia
705 3612 800 3645 ornnes
813 3612 879 3645 atres
892 3598 984 3660 priora
997 3602 1094 3660 petunt
1105 3597 1241 3647 uolentes.
1260 3604 1315 3648 ter·

169 3661 235 3711 tiam
248 3661 359 3711 iaciunt
371 3661 493 3724 speciem
504 3664 677 3727 auguriorum
692 3665 719 3712 iu
739 3664 849 3724 auibus,
870 3679 950 3727 quam
963 3680 1132 3713 communem
1145 3672 1262 3727 uocant,
1282 3682 1315 3715 ex

169 3733 284 3793 utroque
296 3729 477 3793 permixtam,
500 3729 528 3779 id
541 3735 583 3779 est
596 3746 657 3779 cum
671 3748 737 3780 atres
752 3748 784 3781 ox
797 3748 843 3781 ore
856 3738 883 3781 et
896 3732 991 3780 uolatu
1001 3734 1119 3793 arrgrrria
1132 3733 1252 3791 laeiunt;
1267 3734 1315 3783 sed

121 3850 127 3861 ,
171 3794 317 3845 fidemnon
330 3792 437 3844 habet!
462 3797 498 3845 ef.
508 3797 609 3847 Festus
622 3813 643 3847 s.
654 3815 679 3847 v.
694 3801 804 3849 oscines
818 3817 843 3864 p.
862 3798 907 3846 llll
921 3799 1023 3849 Paulus
1036 3800 1114 3849 Festi
1126 3816 1147 3850 s.
1161 3816 1187 3850 v.
1202 3802 1315 3851 inebrae

171 3878 196 3927 p.
216 3860 375 3913 {euresius
389 3878 412 3911 s.
430 3877 456 3912 v.
469 3870 615 3929 praepetes
633 3883 659 3930 p.
677 3866 737 3915 205.
754 3867 804 3915 245
828 3866 933 3915 Gellius
946 3867 978 3916 N.
992 3867 1023 3915 A.
1038 3867 1075 3917 Vl
1093 3867 1110 3918 3
1124 3868 1235 3918 Servius
1246 3870 1314 3917 Aen.

171 3929 212 3979 111
220 3928 278 3979 rto.
291 3928 318 3979 8.
340 3930 392 3979 ‘De
406 3930 517 3980 minatis
527 3931 708 3983 uolatilibus.’
732 3933 775 3983 16:
789 3933 930 3983 ‘Bibioncs
943 3940 1006 3983 saint
1019 3937 1065 4000 qui
1079 3937 1107 3984 in
1119 3937 1183 3986 uine
1196 3951 1314 3985 nascun-

171 4006 223 4059 tur,
239 4008 306 4062 quos
323 3997 412 4060 uulgo
429 4000 579 4049 mustiones
596 4016 612 4049 a
631 4008 719 4050 musto
733 4000 889 4066 appellant,
909 4002 979 4051 unde
998 4008 1027 4051 et
1043 4004 1188 4052 Afranius:
1213 4003 1253 4052 ad
1272 4019 1314 4050 me

172 4079 231 4115 cum
243 4071 358 4131 spectas
372 4064 548 4131 fabularique
561 4068 677 4132 incipis,
699 4085 732 4117 ex
747 4084 793 4119 ore
809 4068 837 4117 in
851 4068 944 4119 oculos
957 4075 1018 4121 tuos
1030 4071 1156 4121 bibiones
1169 4067 1313 4119 inuoluat)
