2964 5002
596 395 638 440 ns
660 396 747 441 asso
770 393 972 439 nounsonvs
1290 376 1347 439 173

292 561 457 611 suueoss
481 568 503 610 a
518 555 609 612 motu
627 545 769 610 siderum
789 555 865 609 sunt
879 545 976 608 dicta.
1002 544 1078 607 anni
1098 553 1248 630 quattuor
1269 528 1459 607 tem-122*

209 669 288 736 pora
314 649 566 714 adscribuntur:
610 647 725 712 hiemis
755 647 842 711 ueris
872 647 1005 709 aestatis
1037 644 1144 732 adque
1171 650 1349 731 autumpni.

210 767 276 813 νει
298 764 430 815 constat
452 772 496 815 ex
519 751 651 815 humore
673 760 706 813 et
722 749 806 833 igni,
828 763 960 810 lassas
983 768 1025 810 ex
1048 747 1116 831 igni
1139 757 1172 810 et
1191 747 1348 830 siccitate,

210 921 356 965 annon1m3
385 906 449 956 bine
480 907 650 956 sertiternum
680 904 751 970 quod
779 904 882 952 sactum
905 909 947 952 est
970 910 1124 963 aeternamm
1155 902 1224 967 quod
1249 902 1349 951 Graeci

209 969 300 1023 addae
320 975 348 1023 id
368 976 409 1023 ait
427 974 595 1039 Chrysippus
614 989 672 1022 esse
691 962 738 1021 αἐὶ
756 959 798 1021 ὄν.
835 971 869 1020 ab
889 986 921 1020 eo
940 970 1067 1020 Plautus:

431 1058 485 1092 non
503 1042 591 1091 omnis
611 1047 688 1090 aetas
707 1040 742 1089 ad
760 1039 966 1104 perdiscendum
986 1044 1028 1087 est
1040 1039 1122 1101 satis,

209 1109 269 1158 binc
288 1116 393 1175 poetae
412 1112 533 1159 Aeterna
551 1108 652 1174 templa
671 1106 761 1157 caeli.⁸

297 1174 368 1229 l‘l2‘
387 1176 509 1227 Isidorus
526 1177 560 1226 de
578 1184 676 1225 natura
694 1189 783 1224 rerum
803 1174 867 1223 vn:
896 1174 947 1222 ‘De
961 1174 1136 1239 temporibus.
1167 1173 1212 1222 Sic
1232 1173 1270 1222 ait
1287 1175 1348 1222 Am·

211 1246 331 1296 brosius:
352 1245 490 1310 Tempora
508 1251 571 1294 sunt
588 1245 664 1294 uices
676 1242 862 1302 mutationum,
883 1243 911 1290 in
931 1242 1027 1306 quibus
1046 1240 1085 1291 sol
1105 1247 1182 1290 certa
1201 1256 1294 1290 cirrsus
1307 1241 1348 1290 sui

210 1313 382 1364 dimensione
402 1313 467 1362 anni
486 1313 579 1377 orbem
596 1312 625 1361 iu
650 1312 765 1360 confusa
787 1310 923 1359 uarietate
943 1309 1093 1374 distinguit.
1129 1315 1282 1374 tempora
1301 1324 1347 1358 su-

210 1390 261 1430 tem
281 1398 299 1430 a
319 1386 410 1430 motu
429 1380 582 1432 siderum
600 1383 676 1429 sunt
694 1379 801 1438 dicta,
820 1377 891 1427 unde
912 1382 939 1426 et
956 1378 1023 1427 deus
1041 1393 1100 1426 cum
1112 1376 1182 1426 baec
1200 1376 1350 1426 instituerit

209 1449 289 1499 dixit:
317 1450 355 1499 Et
378 1450 434 1497 sint
456 1448 485 1497 in
503 1449 583 1513 signa
602 1454 629 1496 et
646 1447 674 1496 in
692 1453 815 1511 tempora
834 1450 862 1494 et
880 1447 907 1494 in
926 1445 986 1494 dies
1005 1451 1032 1494 et
1050 1446 1077 1493 in
1097 1460 1195 1506 annos,
1215 1444 1244 1493 id
1263 1445 1349 1494 estin

210 1516 302 1581 aliquo
322 1516 450 1566 mutabili
469 1520 552 1577 motu,
572 1515 648 1565 cuius
667 1513 741 1563 aliud
758 1514 831 1578 prius
850 1513 924 1562 alliud
938 1513 1072 1577 posterius
1084 1516 1217 1579 praeterit
1229 1528 1261 1562 eo
1280 1513 1349 1576 quod

210 1584 287 1634 dmul
309 1600 374 1635 esse
392 1584 578 1649 nonpossint.
614 1589 720 1648 tempus
742 1582 817 1630 iuxta
841 1580 983 1630 Hebraeos
1006 1581 1114 1646 integer
1137 1596 1224 1630 annus
1248 1587 1294 1630 est¹
1308 1597 1349 1631 se·

210 1652 327 1702 cundum
351 1651 421 1701 illud
444 1651 477 1700 in'
495 1649 626 1700 Daniele:
657 1651 776 1715 'l'empus
800 1654 828 1697 et
850 1656 973 1714 tempora
1001 1655 1029 1696 et
1051 1648 1348 1715 dimidiumtemporis,

211 1736 256 1785 per
285 1728 398 1785 ternpus
428 1734 527 1768 annum
557 1718 727 1783 significans,
763 1732 812 1782 per
839 1722 961 1781 tempora
990 1716 1056 1766 duos
1085 1723 1113 1766 et
1139 1732 1188 1782 per
1210 1715 1349 1767 dimidium

211 1803 320 1838 nenses
333 1803 392 1838 sex.
413 1788 488 1836 iuxta
501 1786 616 1836 Latinos
629 1784 831 1836 autemu'nius
845 1786 923 1833 asni
942 1791 1106 1849 quattuor
1123 1790 1275 1850 tempora
1293 1785 1348 1835 sd-

186 1857 428 1911 .scribuntur:
458 1854 583 1903 hiemis
606 1855 698 1904 ueris
722 1853 873 1902 aestatis
897 1852 1003 1918 adque
1023 1854 1206 1918 autumpni.
1236 1854 1349 1918 Hiemps

212 1931 250 1972 est
262 1940 326 1973 cum
340 1922 382 1973 sol
395 1922 555 1972 meridianis
564 1923 687 1988 partibus
698 1922 859 1980 inmoratur3
873 1927 936 1970 tunc
950 1920 1020 1969 enim
1031 1920 1070 1970 sol
1084 1920 1192 1987 longius
1205 1921 1284 1971 abest
1296 1927 1349 1972 ter·

212 2007 295 2057 reque
307 1990 426 2056 rigescit
441 1990 506 2056 gelu
524 1990 610 2055 adque
628 1990 770 2055 stringitur
786 1993 814 2037 et
830 1987 977 2053 prolixiora
990 1995 1052 2038 sunt
1067 1991 1157 2054 spatia
1169 1990 1257 2040 noctis
1270 2005 1350 2054 quam

212 2059 271 2109 diei.
292 2058 361 2108 bino
375 2073 460 2108 causa
473 2059 559 2107 oritur
570 2061 599 2106 ut
611 2057 731 2107 hibernis
744 2056 853 2105 flatibus
865 2057 950 2106 nimia
967 2057 1010 2106 uis
1027 2058 1127 2106 uiuium
1145 2057 1349 2123 pluuiarumque

213 2128 351 2177 lmdatur.
378 2126 433 2176 Ver
450 2131 494 2175 est
512 2140 572 2175 cum
590 2125 630 2176 sol
641 2142 673 2175 ex
692 2123 849 2175 meridianis
866 2124 1002 2174 decedens
1019 2125 1143 2190 partibus
1156 2132 1348 2190 superterram

212 2196 281 2244 redit
292 2201 323 2244 et
334 2195 427 2244 noctis
440 2210 473 2243 ae
487 2193 543 2243 diei
561 2198 831 2259 exaequattempora
848 2199 876 2241 et
887 2195 1046 2258 temperiem
1061 2193 1131 2241 aeris
1144 2193 1250 2242 reducit
1262 2194 1349 2259 adque

213 2263 308 2313 louens
326 2263 421 2312 omnia
442 2260 607 2326 repetendos
626 2262 700 2326 cogit
721 2262 749 2310 in
766 2266 870 2325 partus,
882 2263 918 2308 'ut
936 2267 1009 2310 terra
1028 2262 1160 2326 germinet
1179 2276 1212 2310 ac
1230 2261 1350 2311 resoluta

212 2330 293 2380 sulcis
316 2330 425 2380 semina
448 2329 618 2378 reuiuiseant
640 2329 727 2394 adque
752 2328 868 2377 omnium
892 2343 1020 2392 generum
1044 2344 1113 2393 quae
1142 2329 1169 2376 in
1199 2329 1278 2377 terris
1305 2330 1348 2379 uel

214 2399 289 2465 aquis
307 2404 372 2447 suut
397 2397 496 2447 annuis
515 2396 615 2446 letibus
638 2396 776 2447 successio
794 2401 967 2461 propagetur.
1005 2398 1102 2445 Aestas
1121 2402 1162 2444 cst
1181 2411 1240 2444 cum
1262 2397 1302 2446 sol
1320 2400 1348 2447 iu

213 2467 429 2533 septentrionem
442 2481 472 2515 se
483 2464 599 2530 subrigit
616 2471 644 2513 et
661 2465 751 2529 spatia
764 2463 860 2513 diurna
878 2464 1016 2528 producit,
1040 2470 1134 2513 noctes
1152 2479 1217 2512 uero
1242 2472 1349 2514 coartat

215 2540 244 2583 st
251 2534 392 2598 astringit.
423 2533 516 2598 itaque
531 2547 582 2596 quo
600 2534 687 2597 magis
701 2534 740 2582 sol
752 2546 802 2581 usu
816 2530 927 2581 adsiduo
942 2534 999 2581 aeri
1018 2532 1080 2581 huic
1101 2531 1243 2596 copulatur
1261 2532 1347 2596 adque

213 2603 353 2653 miscetur.
372 2617 405 2650 eo
424 2599 542 2665 amplius
560 2616 649 2650 aerem
669 2601 754 2665 ipsum
773 2604 889 2664 uaporat
913 2605 939 2648 et
957 2599 1066 2649 humore
1086 2600 1224 2649 exsiccato
1244 2600 1349 2648 fatiscit

213 2672 239 2719 iu
256 2668 400 2735 puluerem
421 2676 448 2719 et
473 2667 630 2718 adolescere
655 2670 723 2717 facit
746 2669 851 2717 semina
873 2673 899 2715 et
918 2673 1054 2733 tamquam
1078 2683 1157 2715 sucos
1177 2667 1272 2716 uiridis
1291 2684 1348 2716 ma-

212 2748 354 2787 turescere
373 2737 450 2802 cogit
467 2752 548 2801 poma
566 2736 703 2785 siluarum.
741 2744 806 2786 tuuc
825 2735 887 2799 quia
907 2736 945 2783 sol
961 2737 1072 2784 aestiuis
1085 2736 1185 2799 flagrat
1197 2735 1347 2797 ardoribus,

212 2808 332 2856 minores
351 2806 461 2854 umbras
482 2804 551 2852 lacit
568 2805 597 2852 in
616 2805 766 2855 meridiano
785 2805 912 2868 quoniam
931 2821 963 2852 ex
983 2805 1040 2854 alto
1058 2804 1129 2852 bunc
1148 2804 1293 2852 inluminat
1312 2804 1348 2854 lo·
1370 2838 1374 2849 .

212 2890 282 2923 essm.
320 2876 493 2938 Autumpnus
513 2879 563 2931 est,
582 2871 644 2920 dum
663 2887 755 2923 rursus
772 2873 812 2922 sol
832 2888 847 2920 a
866 2887 968 2920 summo
983 2873 1053 2921 caeli
1068 2873 1235 2921 descendens
1254 2873 1348 2921 infrin-
1384 2909 1390 2920 .

211 2944 249 3006 git
277 2948 404 2991 aestuum
429 2939 645 3004 magnitudinem
677 2947 704 2989 et
732 2939 872 3005 paulisper
894 2939 1017 2990 relaxato
1045 2956 1077 2988 ac
1102 2940 1227 3005 deposito
1258 2941 1348 2990 calore

212 3015 341 3074 praestat
358 3009 520 3124 temperiem
539 3009 663 3072 sequenti
688 3014 851 3074 tempestate
875 3015 1017 3056 uentorum
1042 3014 1068 3055 et
1088 3009 1196 3057 turbiue
1215 3009 1349 3073 procella·

212 3094 270 3127 rum
290 3076 366 3125 et.ui
384 3076 529 3125 luminum
548 3077 749 3140 tonitruumque
774 3076 938 3125 sonantium.
975 3076 1108 3137 Quoniam
1133 3077 1216 3125 certis
1235 3076 1349 3125 distinc-

211 3145 337 3195 tionibus
359 3141 567 3193 uicissitudines
585 3149 733 3208 temporum
751 3145 828 3192 iuxta
845 3144 962 3208 priorum
980 3143 1154 3192 definitiones
1171 3146 1367 3208 praestrinxit.

213 3228 282 3271 mus,
301 3227 373 3260 nunc
387 3210 508 3276 qualiter
521 3211 615 3260 eadem
634 3218 756 3277 tempora
775 3211 945 3260 naturalibus
960 3211 1070 3260 circulis
1083 3211 1135 3259 sibi
1155 3212 1272 3261 inuicem
1286 3229 1348 3263 eon-

212 3279 337 3346 ligantur
360 3279 544 3344 expediamus.
575 3293 633 3328 uer
651 3282 749 3345 quippe
770 3284 909 3329 constat
982 3279 1055 3327 dies
1074 3279 1248 3329 CCCLXV.
1280 3281 1348 3331 haec

213 3350 308 3413 itaque
338 3346 487 3395 secundum
517 3346 669 3395 naturalem
699 3348 891 3397 differentiam.
933 3351 1052 3395 eetemm
1083 3348 1159 3396 iuxta
1189 3348 1349 3412 allegoriam

214 3416 321 3480 hiemps
340 3413 500 3480 temporalis
519 3414 690 3479 intellegitur
701 3416 851 3475 tribulatio,
872 3414 979 3478 quamdo
997 3421 1174 3480 tempestates
1188 3423 1215 3465 et
1227 3417 1349 3466 turbines

213 3482 509 3532 meolati-incumbunt.
545 3487 638 3532 aestas
662 3490 703 3532 est
725 3485 788 3533 tidei
807 3483 976 3548 persecutio,
1001 3483 1108 3547 (plaudo
1126 3484 1251 3533 doctrina
1270 3485 1348 3549 perti·

214 3550 278 3600 dise
301 3550 434 3599 ariditate
454 3550 582 3598 siccatur.
617 3566 667 3599 uer
690 3558 780 3600 autem
805 3551 912 3600 nouitas
936 3556 979 3599 est
997 3550 1061 3600 tidei
1079 3552 1136 3599 siue
1156 3568 1221 3616 pax,
1243 3553 1348 3617 quando

216 3626 277 3683 post
295 3618 394 3667 hiemis
413 3616 619 3666 tribulationem
637 3620 823 3683 tranquillitas
842 3619 978 3667 ecelesiae
995 3619 1126 3681 redditur,
1150 3620 1256 3684 quaudo
1274 3637 1347 3669 meu·

217 3689 255 3736 sis
273 3701 404 3735 nouorum
424 3685 451 3733 id
471 3691 513 3733 est
531 3687 633 3749 liascba
653 3689 716 3751 agni
736 3687 898 3749 celebratur,
918 3687 1024 3750 quando
1042 3693 1115 3736 terra
1134 3688 1243 3736 floribus
1262 3688 1288 3736 id
1307 3695 1349 3736 est

217 3755 338 3804 ecelesia
362 3757 518 3803 sauctorum
538 3755 660 3803 coetibus
683 3755 835 3804 decoratur.
877 3770 963 3804 annus
988 3756 1082 3819 itaque
1105 3757 1208 3804 ambitu
1231 3755 1297 3804 solis
1322 3764 1349 3804 et

216 3824 346 3872 mensium
372 3820 535 3886 explicatur.
572 3828 693 3887 tempora
716 3824 894 3871 mutationum
913 3823 1019 3871 uieibus
1043 3823 1212 3872 eiroluuntur.
1249 3825 1348 3873 niensis

216 3891 294 3941 lunae
313 3893 484 3940 incremento
497 3890 625 3954 senioque
644 3891 796 3940 conficitur.
827 3890 997 3939 bebdmnuda
1010 3892 1166 3954 septenario
1184 3891 1287 3939 dierum
1301 3907 1347 3939 mr-

164 3932 194 3995 *
217 3974 287 4007 meni
310 3959 484 4008 terminatur.
526 3958 584 4006 diris
609 3963 636 4005 et
659 3975 710 4007 nox
737 3959 935 4008 recursantium
960 3957 1087 4006 luminum
1113 3975 1145 4007 ae
1174 3959 1347 4008 tembrarum

220 4027 329 4076 alternis
343 4025 456 4075 uicibus
471 4032 639 4090 reparantur.
671 4026 737 4075 bora
750 4028 867 4077 motibus
882 4025 1042 4090 quilmsdam
1056 4034 1084 4074 et
1102 4028 1243 4076 momentis
1257 4027 1347 4091 exple—

236 4122 423 4228 lwrn‘odu
440 4159 478 4218 B¹
495 4157 508 4243 ΙΙ
524 4163 604 4221 dicta
619 4183 671 4220 om.
687 4167 713 4220 B
728 4159 742 4245 ll
757 4165 821 4222 1111
840 4168 866 4221 B
879 4159 924 4245 [lt
943 4161 1148 4221 asscribuntur
1167 4162 1204 4221 13¹²
1220 4159 1232 4239 ll
1246 4165 1347 4220 sineris

219 4255 327 4311 Artemi
340 4255 367 4309 B
380 4245 395 4330 Η
412 4257 503 4326 atque
523 4245 559 4304 13²
575 4244 587 4329 [l
603 4251 734 4306 autumni
750 4246 785 4305 B²
798 4260 969 4307 autuuuuun
982 4244 1016 4303 3¹
1034 4241 1047 4325 ΙΙ
1062 4258 1079 4309 3
1093 4269 1166 4327 itiner
1180 4256 1201 4304 ,t
1217 4245 1229 4323 ll
1245 4268 1347 4305 suusne

219 4334 395 4482 ffithtigulqlss
412 4329 425 4413 ll
441 4353 477 4390 ‘X
492 4335 551 4407 igni
566 4354 617 4389 ⁰¹¹¹·
635 4330 668 4389 1³¹
687 4329 699 4414 ll
716 4335 785 4410 igue
799 4331 834 4392 13¹²
850 4332 862 4413 ll
879 4335 919 4407 etl
937 4352 973 4390 ex
992 4328 1024 4388 lt*
1043 4327 1057 4414 ΙΙ
1075 4335 1209 4440 siccitate
1223 4344 1252 4388 et
1268 4333 1347 4390 calc·
