2964 5002
455 376 459 382 ’
541 379 716 421 vsanoamr
739 379 978 420 urmunsurmn
1269 366 1330 430 283

187 548 249 590 nee
270 523 465 610 refugerunt
485 526 657 612 quominus
684 535 854 613 utramque
883 548 950 591 rem
972 534 1110 613 utroque
1133 528 1261 592 nominc
1284 528 1331 593 di·

190 629 307 691 xerint.

274 761 391 808 ovelut
425 754 458 809 et
490 762 717 810 Tulvuffltlts
750 745 810 810 hoc
843 746 968 827 differt,
1008 745 1094 833 quod
1129 747 1331 832 triumphans

190 845 359 932 quadrigis
393 845 526 910 uehitur
562 856 595 911 et
621 857 794 911 coronatus
823 846 935 911 laurea
966 868 1086 913 corona
1103 842 1106 848 ’
1122 847 1331 934 subsequitur

171 969 355 1034 apompam3
386 949 443 1034 qni
463 956 573 1011 autem
589 956 681 1030 onst,
712 958 769 1012 aut
796 948 931 1034 'ssuper
953 970 1070 1034 equum
1093 948 1251 1034 tripudiat
1275 960 1332 1014 aut

190 1049 304 1112 mirtea
328 1069 451 1115 corona
481 1052 606 1113 cinctus
628 1071 781 1135 pompam
801 1049 977 1135 praecedit.

233 1214 236 1218 ι
273 1182 392 1231 orfitus
421 1182 578 1231 cvucros
605 1177 637 1231 ct
664 1173 871 1249 vulvuusos]
905 1190 1017 1232 ornnes
1048 1190 1184 1254 quorum
1210 1171 1332 1232 mentio
1359 1231 1363 1240 ,

191 1278 255 1345 est;
277 1271 388 1333 cuncti
408 1269 464 1356 qui
479 1268 600 1356 ubique
615 1277 708 1350 sunt3
730 1270 875 1332 universi
888 1276 1052 1355 tamquam
1068 1270 1102 1332 in
1116 1290 1216 1332 unum
1234 1271 1330 1334 uersi.

274 1386 581 1473 salamandras)
598 1392 917 1468 etrunoau1Jorare
936 1385 1056 1450 dieitur
1077 1410 1173 1473 quom
1191 1388 1257 1452 oris
1279 1409 1330 1450 ra-

165 1488 235 1553 totio
256 1487 365 1567 ducit,
389 1491 499 1574 etqui
521 1496 592 1552 orat
613 1489 711 1552 etiam
734 1497 884 1573 precatur
906 1497 942 1550 ut
967 1495 1099 1553 ‘exorat
1120 1494 1271 1575 pacem’3
1297 1498 1332 1552 at

194 1591 245 1677 qui
264 1598 360 1675 rogat
378 1610 443 1652 non
465 1590 577 1676 utique
597 1598 678 1670 orat,
699 1589 757 1652 sed
781 1588 985 1674 deprecatur,
1006 1589 1206 1675 quodetiam
1230 1590 1330 1676 impe·

195 1690 244 1755 riti
265 1690 308 1755 ad
331 1689 574 1777 deprecandum
597 1690 809 1754 descendunt.

273 1825 372 1874 0qu
395 1818 428 1874 et
443 1813 577 1892 servu]
597 1831 692 1873 omne
708 1809 954 1873 uniuersitatem
971 1809 1145 1899 significat,
1162 1817 1264 1875 totum
1282 1831 1331 1877 so·

195 1908 362 1976 liditatem.

197 2143 277 2193 oleam
301 2148 331 2193 et
353 2143 456 2195 oliuam
479 2160 528 2210 pro
550 2145 641 2195 fructu
665 2160 749 2211 saepe
768 2153 925 2212 posuerunt.
944 2150 1010 2199 ‘sed
1028 2149 1196 2199 consuetudo
1215 2149 1334 2199 obtinuit

196 2209 289 2260 oliuarn
307 2211 428 2261 trucum
447 2211 553 2273 dicere,
578 2227 631 2262 nec
649 2218 741 2275 uetat,
762 2216 904 2279 quominus
923 2221 951 2265 et
967 2216 1073 2265 arboris
1093 2223 1120 2266 et
1138 2218 1241 2266 fruetus
1260 2218 1332 2267 idem

195 2292 286 2329 nornen
305 2277 362 2329 sit.'
403 2278 515 2329 Servius
533 2296 626 2347 georg.
652 2279 743 2332 1163:
769 2284 922 2333 ‘sancolea
942 2288 984 2332 est
1003 2285 1084 2333 arbor
1101 2284 1175 2348 ipsu,
1196 2284 1266 2333 unde
1285 2285 1331 2334 de·

195 2347 289 2396 riuatio
308 2351 352 2396 est
369 2346 475 2410 oleum;
498 2347 571 2397 ollua
593 2364 660 2398 uero
685 2351 788 2399 fructus
811 2351 870 2415 ipse
894 2351 964 2399 unde
989 2349 1089 2400 oliuum
1113 2351 1222 2399 dicitur.
1263 2351 1331 2417 legi-

195 2429 247 2465 mus
263 2420 359 2464 tamen
378 2414 479 2465 oliusm
498 2421 526 2465 et
543 2416 577 2465 de
597 2417 710 2480 arbore,
734 2424 776 2466 nt:
802 2417 965 2467 Incumbens
984 2418 1066 2465 tereti
1084 2418 1191 2466 Damon
1210 2418 1250 2466 sic
1270 2435 1331 2468 coo·

195 2483 230 2545 pit
247 2480 360 2532 oliuae)
397 2481 510 2532 Flavius
528 2483 621 2549 Caper
639 2484 672 2534 dc
691 2485 889 2551 orthographia
907 2502 933 2550 p.
950 2484 1016 2532 2242
1035 2486 1069 2533 I‘:
1091 2483 1172 2534 ‘Olea
1185 2484 1266 2533 arbor
1280 2490 1332 2548 est,

195 2549 367 2619 olinaetetnn
387 2549 476 2599 oleum
495 2550 602 2616 liquor.’
720 2546 723 2550 ’
946 2580 949 2585 -
1222 2564 1225 2569 ’
1351 2562 1354 2568 ’

273 2632 377 2684 Omnes
397 2638 511 2684 cunctos
530 2641 557 2684 et
575 2634 763 2702 uniuersos]G
783 2654 809 2702 p.
828 2636 861 2687 03
880 2654 906 2685 n.
927 2635 972 2687 53:
999 2634 1109 2686 ‘Omnes
1121 2650 1238 2701 ‚quorum
1258 2650 1332 2685 men·

194 2701 228 2749 tio
245 2707 300 2761 est,
326 2701 420 2751 cuncti
444 2703 488 2766 qui
506 2702 607 2768 ubique
626 2711 702 2766 sunt,
727 2705 847 2754 uniuersi
866 2705 910 2769 qui
929 2700 957 2753 in
976 2720 1028 2753 uno
1046 2704 1107 2753 loco
1125 2699 1217 2752 ucrsi.'
1254 2703 1284 2752 F.
1304 2719 1330 2768 p.

194 2766 253 2820 358:
285 2768 399 2821 ‘Omnes
418 2768 519 2819 nullum
539 2771 648 2836 excipit,
669 2779 699 2821 ut
717 2788 810 2822 omnes
830 2773 965 2832 hominm,
987 2773 1026 2821 ita
1045 2782 1073 2821 st
1091 2788 1144 2821 res.
1170 2771 1261 2821 cuncti
1279 2771 1330 2820 ita·

195 2852 240 2901 que
260 2837 287 2886 in
305 2851 486 2901 personarum
508 2853 620 2888 numero
642 2841 829 2902 nominantur,
850 2841 940 2906 prisco
959 2839 1025 2889 dicti
1044 2839 1137 2889 uerbo.
1165 2839 1286 2888 uniuersi
1304 2838 1332 2887 iu

194 2919 270 2954 uuam
287 2904 456 2954 sententiam
476 2907 601 2956 conuersi
620 2907 729 2956 dicendi
748 2908 812 2972 quid
830 2909 889 2964 siue
908 2907 1049 2957 faciendi)

272 2988 361 3039 Orare
376 3001 392 3031 t
415 2996 443 3040 et
457 2988 574 3056 precari]
592 2991 615 3040 G
629 3009 654 3055 p.
673 2991 707 3039 92
720 3008 745 3040 n.
759 2992 806 3042 43:
826 2992 922 3042 ‘Orare
936 2992 1035 3040 dicitur
1054 2992 1180 3056 quoniam
1193 2992 1247 3041 oris
1260 2993 1333 3041 ratio

194 3056 301 3118 dicitur,
326 3062 356 3105 et
374 3060 421 3124 qui
444 3064 504 3108 orat
523 3059 607 3108 etiarn
625 3066 766 3123 precatur.
796 3061 841 3124 qui
865 3066 945 3124 rogat
967 3060 1144 3123 deprecatum
1166 3076 1220 3108 non
1239 3061 1332 3124 utique

194 3127 235 3189 qui
252 3130 384 3191 precatur
403 3133 473 3187 orat,
493 3127 557 3190 quia
575 3127 659 3175 etiarn
677 3127 796 3191 imperiti
817 3128 850 3177 ad
868 3142 965 3192 preces
978 3125 1165 3176 descendunt’
1196 3128 1221 3175 H
1240 3145 1266 3192 p.
1289 3125 1332 3176 tu:

195 3192 286 3243 ‘Orare
304 3194 361 3243 oris
381 3196 451 3245 ratio
470 3200 513 3243 est
531 3195 622 3257 etqui
642 3200 702 3243 orat
721 3196 803 3243 etiam
823 3203 963 3259 precatur:
992 3199 1020 3244 at
1039 3195 1084 3258 qui
1103 3199 1182 3258 rogat
1200 3195 1331 3259 depreca-

194 3264 244 3323 tur,
265 3267 295 3311 et
313 3261 360 3326 qui
378 3268 450 3324 orat,
469 3262 690 3327 etiamimperiti
710 3263 744 3311 ad
763 3279 860 3326 preces
879 3262 1066 3311 descendunt.'

272 3344 362 3395 Omne
382 3357 411 3396 et
427 3343 524 3410 toturn]
544 3345 568 3394 (i
586 3362 612 3409 p.
630 3344 676 3393 103
693 3361 719 3393 n.
739 3344 804 3393 206:
829 3347 926 3395 ‘Omne
937 3347 1134 3396 numerositate
1154 3351 1273 3407 constat,
1292 3353 1332 3396 to-

193 3418 244 3464 tum
257 3414 402 3478 adportes
415 3411 532 3463 dicitur)
557 3413 645 3461 1402:
660 3413 757 3462 ‘Omne
772 3414 806 3462 ud
820 3413 1019 3462 multitudinem
1031 3421 1058 3463 et
1073 3414 1106 3463 ad
1121 3430 1260 3463 numerum
1273 3430 1334 3480 per-

194 3481 271 3531 tinet:
290 3480 326 3530 ad
341 3497 481 3532 numerum
499 3487 528 3530 ut
545 3497 637 3530 omnes
654 3480 786 3535 homines,
806 3482 840 3530 nd
855 3480 1055 3530 multitudinem
1072 3488 1102 3530 ut
1120 3483 1208 3531 omnis
1225 3482 1334 3532 familia

194 3550 276 3599 omnis
289 3550 428 3599 exereitus
440 3564 519 3599 omne
530 3564 614 3613 pecus
623 3549 746 3597 dicimus.
762 3553 847 3597 totum
858 3564 922 3598 uero
933 3549 966 3596 ud
977 3550 1193 3612 magnitudinem
1203 3551 1333 3615 pertinet,

194 3622 220 3664 ut
236 3622 323 3665 totum
343 3632 441 3681 eorpus
459 3623 518 3666 tota
536 3623 611 3664 terra
629 3622 713 3664 totum
735 3617 848 3665 coelum.
886 3632 951 3679 ergo
976 3622 1047 3665 totus
1071 3618 1150 3665 homo
1165 3618 1197 3666 si
1222 3619 1255 3666 ad
1275 3633 1333 3666 cor-

194 3698 240 3746 pus
256 3685 424 3739 referamus,
449 3683 646 3738 omnishomo,
670 3684 693 3731 si
712 3684 745 3731 ‹le
765 3685 908 3733 uniuersis.
940 3684 1053 3748 proinde
1072 3700 1151 3733 omne
1170 3686 1198 3732 in
1217 3685 1333 3734 diuersis

193 3752 315 3814 partibus
337 3752 460 3816 ponitur,
485 3757 572 3800 totum
597 3757 687 3800 utitem
711 3752 770 3800 sine
794 3753 918 3816 pastibus
942 3752 1025 3801 debet
1049 3750 1129 3801 ossae.¹
1153 3778 1187 3787 —
1223 3754 1333 3802 Servius

194 3819 284 3868 deul
300 3817 360 3867 185:
383 3820 472 3868 ‘luter
483 3825 568 3869 totum
583 3826 610 3868 et
628 3834 706 3867 ornnc
726 3819 775 3866 hoc
792 3821 919 3877 interest,
940 3819 1010 3882 quod
1027 3825 1113 3868 totum
1126 3819 1241 3868 dicimus
1255 3821 1333 3869 unius

195 3888 313 3951 corporis
332 3885 538 3950 plenitudinem,
559 3902 638 3936 omne
657 3887 690 3934 dc
709 3886 845 3935 uniuersis
859 3886 982 3944 dicimus,
1002 3892 1033 3936 ut
1045 3893 1125 3951 puta:
1145 3887 1243 3936 Totum
1258 3886 1332 3935 nudi-

194 3954 288 4004 torium
306 3953 393 4003 habet
416 3954 607 4013 scholasticos,
628 3954 678 4002 hoc.
698 3960 752 4002 est:
772 3953 881 4018 plenum
901 3959 942 4002 cst
962 3954 1126 4004 auditorium
1144 3954 1333 4013 sclrolasticim

274 4149 287 4200 l
303 4139 483 4216 refugerunt
498 4146 604 4214 scripsi
610 4165 618 4197 :
644 4139 757 4213 refugit
772 4140 805 4194 M
823 4134 836 4218 {l
856 4151 871 4200 5
890 4149 981 4197 onata
997 4141 1033 4193 Ὗ
1050 4143 1084 4197 Μ
1096 4135 1109 4219 ll
1126 4158 1256 4218 aequum
1272 4140 1304 4194 M
1319 4131 1331 4216 li

193 4223 387 4300 §praecedet
405 4226 437 4281 M
451 4219 463 4303 Η
477 4234 495 4286 9
510 4245 616 4301 rogare
636 4227 734 4280 addidi
748 4222 761 4303 {l
776 4244 867 4302 quem
884 4228 1005 4296 scripsi:
1031 4243 1123 4303 quam
1142 4226 1175 4279 M
1191 4222 1334 4300 qnoniam

193 4309 313 4365 Ilotlrius
321 4305 356 4449 lii
369 4319 401 4369 10
417 4311 467 4388 qui
487 4319 551 4367 orat
574 4312 710 4367 Rothius:
733 4329 791 4388 quo
814 4317 860 4365 rat
879 4309 911 4362 M
923 4306 937 4386 Η
952 4317 985 4366 ut
1003 4310 1139 4366 Rotdius:
1160 4315 1213 4363 aut
1226 4309 1259 4362 Μ
1272 4301 1284 4384 Η
1303 4313 1334 4368 13

192 4412 309 4450 omnem
