2964 5002
221 345 279 409 124
591 366 632 407 aa
656 366 743 411 vrars
765 364 978 406 ruuvsramvs

166 518 206 580 27
303 531 335 578 n.
370 529 599 577 voarucmrvs
635 528 768 576 rnorvs
801 512 942 577 semisse
973 512 1093 577 dieitur
1125 519 1222 597 atque
1255 510 1348 573 etiam

167 617 368 699 (3)0stia1·ius
391 625 501 680 uetere
529 637 617 679 urere
645 617 678 679 in
701 624 816 679 catena
837 614 953 696 luisse,
983 614 1086 678 donce
1113 613 1154 679 ob
1183 614 1349 698 ingenium

216 727 249 781 et
275 717 417 781 studium
447 716 623 781 litterarum
651 716 868 780 manumissus
904 719 1071 782 accusanti
1106 725 1242 802 patrono
1277 713 1349 777 sub-

217 820 356 905 scripsit.
407 818 525 882 dciude
559 817 750 882 rhetoricam
780 818 947 906 professus
976 817 1035 882 Cn.
1061 818 1252 904 Pompeium
1278 814 1351 879 Ma·
1401 814 1404 819 ’

216 943 314 1006 gnum
344 920 467 1001 docuit,
498 922 664 1006 patrisque
698 921 768 984 eius
802 942 854 984 res
882 930 992 1005 gestas
1027 942 1086 984 nec
1107 921 1216 984 minus
1248 917 1372 1004 ipsiuss

216 1020 437 1108 compluribus
466 1019 559 1085 libris
584 1021 750 1107 exposuit,
781 1022 904 1107 primus
938 1024 1082 1087 omnium
1115 1020 1351 1099 libertinorum,

217 1134 252 1188 ut
270 1123 442 1189 Cornelius
464 1121 573 1209 Nepos
596 1124 763 1210 opinatur,
791 1123 934 1189 scribere
951 1124 1119 1189 historiam
1142 1144 1251 1201 orsus,
1275 1141 1352 1185 nou·

216 1226 280 1290 nisi
302 1225 344 1290 ab
360 1225 588 1290 honestissimo
610 1247 738 1312 quoque
761 1223 861 1290 scribi
886 1224 1015 1290 solitam
1036 1225 1077 1289 ad
1101 1224 1134 1290 id
1156 1232 1293 1309 tempus.

165 1367 205 1432 28
303 1362 368 1447 (u.)
388 1376 526 1424 aalnrvs
548 1359 711 1424 calumnia
728 1370 858 1426 notatus
876 1360 987 1426 ludum
1010 1360 1140 1427 dicendi
1156 1360 1284 1446 aperuit
1298 1357 1352 1421 do·

166 1465 347 1550 (acuitque
382 1464 465 1527 inter
498 1471 623 1527 ceteros
655 1461 699 1524 M.
728 1463 906 1528 Antonium
934 1473 966 1527 et
992 1465 1196 1547 Augustum3
1232 1458 1387 1546 quibusu

216 1564 377 1652 quondam
395 1564 430 1628 0.
455 1564 650 1640 Cannutius,
671 1563 900 1628 obiicientibus
922 1563 985 1628 sibi
1004 1564 1089 1652 quod
1109 1565 1141 1627 in
1163 1587 1198 1627 re
1221 1559 1352 1649 publica

215 1665 473 1730 administranda
493 1665 697 1751 potissimum
719 1665 901 1731 consularis
927 1665 1065 1730 Isaurici
1089 1675 1211 1730 sectam
1240 1684 1348 1749 saque·

215 1780 318 1848 retur,
347 1767 443 1830 malle
465 1767 633 1852 respondit
654 1766 791 1831 Isaurici
819 1788 891 1831 esse
917 1768 1110 1854 discipulum
1133 1788 1231 1853 quam
1254 1762 1350 1851 Epidi

215 1869 466 1933 calumniatoris.
517 1867 569 1932 hic
593 1867 731 1955 Epidius
756 1879 860 1932 ortum
885 1891 919 1933 se
941 1892 960 1931 a
983 1869 1020 1933 C.
1045 1869 1165 1955 Epidio
1188 1866 1350 1931 Nucerino

215 1970 438 2058 praedicabat,
468 1992 562 2056 quem
592 1970 701 2034 ferunt
727 1969 802 2034 olim
826 1971 1073 2059 praecipitatum
1093 1970 1125 2032 in
1149 1969 1273 2034 fontem
1294 1965 1383 2031 {lu-u

214 2073 310 2136 minis
333 2070 571 2157 Sarui‚‘'paulo
595 2084 669 2157 post
696 2093 768 2135 cum
796 2073 949 2137 cornibus
975 2073 1096 2137 taureis
1119 2073 1285 2153 extitisse,
1312 2091 1348 2132 ac

214 2175 323 2237 statim
344 2195 408 2238 non
430 2174 649 2258 comparuisse
669 2174 703 2237 in
726 2195 924 2261 numeroque
945 2173 1077 2239 deorum
1101 2172 1259 2237 habitum.

163 2313 203 2376 29
300 2325 376 2373 sax.
398 2325 565 2390 CLODIVS,
589 2330 606 2371 e
629 2307 757 2391 Sicilia,
778 2308 917 2374 Latinae
939 2307 1033 2374 simul
1052 2308 1268 2395 Graecaeque
1289 2307 1349 2371 elo·

164 2415 207 2496 (ὁ)
216 2413 368 2497 quentiae
390 2411 570 2498 professor,
594 2409 678 2474 male
704 2408 851 2475 oculatus
875 2421 906 2475 ct
927 2412 1025 2476 dicax
1046 2434 1106 2498 par
1125 2409 1293 2475 oculorum
1317 2409 1349 2470 in

213 2512 358 2577 amicitia
380 2512 423 2576 M.
450 2512 584 2576 Antonii
604 2514 765 2577 triumuiri
789 2515 808 2592 †
829 2514 967 2604 extricta
990 2513 1168 2594 saciabat,
1201 2511 1384 2575 eiusdema

301 2736 389 2801 lsqq.
424 2737 608 2799 Hieronymus
627 2737 669 2786 01.
695 2737 750 2796 174,
773 2736 943 2799 4,(a.673):
982 2737 1155 2787 ‘Voltaeilius
1177 2736 1271 2785 Plutus
1289 2735 1349 2784 lati-

214 2821 264 2853 nus
282 2804 375 2854 rhetor
393 2804 442 2852 Cn.
462 2805 574 2869 Pompei
593 2804 708 2854 libertus
728 2812 755 2854 ct
773 2805 867 2856 doctor
886 2806 1007 2855 scholam
1020 2807 1123 2855 Romae
1137 2803 1264 2869 aperuit!
1290 2802 1350 2852 l'ul·

214 2873 305 2921 taeius
329 2873 353 2920 11
377 2872 547 2921 Vuleaeilius
570 2873 594 2920 P
616 2873 782 2922 Vultacilius
807 2874 909 2935 (Such).
952 2874 982 2923 In
1009 2892 1041 2924 co
1066 2880 1141 2923 errat
1159 2874 1349 2934 Hieronymus.

214 2940 284 3003 quod
310 2939 485 2988 Voltaeilium
510 2942 559 2989 (Iu.
583 2941 695 3005 Pompei
719 2941 847 2991 libertum
866 2943 997 2992 nominat.
1039 2941 1185 2991 Suetonius
1208 2949 1369 3005 patronum·

215 3008 323 3056 omniuo
343 3023 396 3056 uon
415 3008 578 3057 nominauit.

222 3117 433 3135 m—*O

301 3224 310 3272 1
332 3213 438 3271 Latius
454 3215 477 3269 L
492 3207 505 3293 Η
520 3211 701 3271 Voltacilius
717 3215 839 3271 Roldius
853 3233 892 3272 ar
909 3219 1000 3273 indice
1015 3224 1042 3272 et
1058 3216 1252 3288 Hieronymo:
1268 3213 1351 3272 Olta-
1407 3260 1412 3271 .

214 3299 301 3357 cilius
316 3300 363 3355 Va
378 3297 545 3356 Octacilius
556 3300 627 3356 NG]
636 3296 785 3357 Otacilius
798 3302 820 3356 L
835 3293 848 3380 Η
864 3300 970 3358 Plutus
983 3303 1089 3372 scripsi
1104 3318 1142 3356 ar
1160 3302 1351 3372 Hieronymo.-

213 3385 333 3442 l'ilutus
348 3387 414 3441 libri
426 3378 439 3464 Η
455 3383 642 3443 aluistiarius
661 3386 780 3442 VLNGI
791 3380 803 3464 Η
820 3384 951 3442 cathena
966 3388 994 3441 Ν
1006 3382 1018 3464 Η
1035 3395 1099 3446 3ac
1116 3387 1213 3442 NOGI
1225 3379 1238 3464 Η
1255 3383 1353 3442 studia

215 3473 236 3526 L
258 3466 270 3548 Η
293 3469 445 3527 literarum
462 3472 490 3526 L
510 3463 524 3550 Η
540 3469 677 3528 acusanti
702 3473 721 3527 Ι
738 3464 751 3549 Η
772 3483 789 3529 a
809 3469 895 3528 ·(JN·
916 3472 968 3529 NG
996 3472 1035 3528 -c
1056 3501 1062 3511 ·
1079 3471 1123 3528 N·
1143 3474 1162 3528 I
1180 3470 1235 3527 Cn.
1255 3474 1277 3526 a
1295 3468 1351 3527 Gn.

220 3557 266 3612 Va
281 3549 294 3634 Η
309 3556 565 3634 spauisciusque
576 3557 593 3612 l
606 3549 619 3635 Η
634 3555 792 3614 eiusom.G
806 3549 819 3634 Η
834 3556 931 3617 lCor.
941 3558 1010 3615 VN!
1020 3556 1108 3616 (loru.
1121 3561 1142 3614 L
1158 3552 1170 3637 Η
1185 3554 1352 3632 hystoriam

213 3643 232 3697 I
249 3633 263 3721 Η
284 3650 302 3701 8
320 3643 405 3697 uerba
421 3638 458 3697 ud
475 3639 503 3695 id
523 3649 641 3717 tempus
658 3651 724 3697 aare
745 3643 878 3698 Rothium
895 3645 973 3700 initio
994 3646 1097 3714 cerritis
1120 3650 1164 3699 25.
1187 3643 1353 3713 leychuaiur

215 3718 227 3804 Η
243 3733 260 3787 9
279 3726 319 3784 Μ.
336 3727 446 3781 addidit
462 3727 583 3781 Rotdius
602 3719 614 3806 Η
635 3723 735 3782 docuit
754 3727 772 3782 I
790 3721 803 3804 Η
826 3738 852 3787 ΙΙ
874 3725 908 3786 Ο.
926 3727 1092 3785 Cannutius
1111 3731 1139 3784 Ν
1158 3726 1191 3785 (ἕ.
1209 3725 1353 3783 Canutius

979 3836 1003 3863 (Ὦ

222 3876 430 3945 Μοεηιιὶίιιθ,
451 3877 534 3934 caius
549 3880 571 3934 0
584 3877 618 3937 O.
638 3876 798 3938 Carnutius
817 3882 864 3936 GL
879 3874 891 3959 Η
907 3900 982 3958 repu
1005 3882 1102 3958 Vrep.
1119 3884 1140 3938 G
1156 3899 1197 3936 re.
1211 3899 1239 3955 p.
1254 3881 1277 3934 L
1292 3873 1305 3956 Η
1323 3887 1353 3938 13

214 3963 293 4022 male
309 3965 328 4019 I
341 3957 353 4041 Η
369 3962 531 4039 respondet
552 3965 568 4019 I
580 3956 593 4042 Η
609 3962 698 4041 lapidi
716 3967 853 4022 Rutilius:
871 3965 992 4043 Epidici
1016 3967 1061 4022 VO
1077 3963 1198 4042 Epidioi
1215 3966 1237 4020 L
1251 3962 1352 4041 Epidii

215 4042 359 4128 NGIll14
389 4047 446 4104 wi·
468 4046 586 4124 cepidic
605 4053 626 4106 0
643 4049 680 4106 ab
699 4049 808 4127 Epidio
829 4054 908 4124 arripe
924 4044 937 4129 Η
952 4050 1105 4108 Nucerino
1125 4053 1157 4120 0,
1179 4052 1352 4106 Beroaldus:

216 4134 356 4192 Nuneino
378 4135 452 4190 VNG
467 4133 592 4190 nuutiuo
611 4135 781 4192 IMaueino
799 4137 821 4190 l·
838 4129 851 4213 Η
869 4144 898 4196 16
913 4135 1024 4193 taureis
1045 4138 1075 4193 0.
1093 4136 1230 4191 Iahnius:
1253 4132 1351 4191 aureis
1375 4126 1378 4130 ’

216 4222 266 4278 ΝΟ
282 4239 334 4275 om.
355 4221 445 4276 Vua!
456 4212 469 4299 Η
489 4226 519 4279 18
531 4219 641 4277 Sextus
655 4223 723 4277 libri
742 4214 755 4300 Η
775 4218 895 4294 gladius
912 4221 930 4277 I
942 4214 954 4299 Η
971 4228 1001 4278 et
1016 4220 1121 4278 Sicilia
1139 4221 1157 4276 I
1169 4214 1182 4298 Η
1199 4228 1230 4281 19
1250 4218 1352 4277 ceula·

215 4301 277 4381 tus]
295 4303 451 4363 aculeatus
469 4322 546 4378 susp.
569 4307 600 4362 0.
618 4306 739 4363 Iudnius
754 4300 797 4385 ΙΗ
813 4315 847 4366 20
864 4304 1002 4369 amicicia
1027 4307 1074 4363 VG
1092 4305 1220 4363 amititia
1240 4300 1284 4386 ΙΗ
1301 4324 1349 4363 cx·

215 4391 304 4448 trisse
320 4392 428 4448 Statius
