2964 5002
164 367 228 431 280
669 375 801 416 nasuta

250 541 462 590 uonsranan
477 532 510 589 et
524 526 802 603 nsnousrssan}
814 528 1032 586 monstramus
1047 517 1160 600 semel,
1180 517 1315 583 demon·

165 638 307 696 stramus
330 629 471 712 saepius.

249 744 446 792 marronam
469 736 502 791 et
524 743 671 791 urrann
691 729 872 805 numisma]
894 731 1043 813 matrpna
1056 720 1143 785 filios
1159 721 1314 807 ampliat3

165 840 270 895 mater
292 829 433 894 familias
453 849 539 915 quae
560 829 647 913 patri
667 826 814 891 familiae
836 824 958 911 nupsit.

250 1044 404 1094 Monstrare
423 1047 452 1093 et
469 1041 667 1108 demonstrare]
687 1042 711 1091 G
733 1059 759 1107 p.
778 1039 812 1090 89
830 1055 857 1090 n.
878 1039 922 1089 14:
947 1039 1141 1089 ‘Monstramus
1160 1039 1247 1088 semel
1267 1039 1315 1089 de·

166 1117 349 1169 monstramus
367 1110 499 1176 saepius.’
535 1112 631 1161 eadem
650 1112 676 1160 H
696 1127 721 1175 p.
743 1109 781 1160 13.

194 1190 198 1197 '
251 1180 406 1229 Matronam
430 1183 458 1228 et
476 1183 590 1228 matrem
614 1175 749 1242 familias]
770 1176 874 1226 Paulus
892 1175 971 1225 Festi
993 1191 1020 1240 p.
1041 1173 1101 1224 125:
1128 1174 1315 1224 ‘Materfami-

166 1247 220 1296 lias
244 1262 298 1296 nou
324 1253 388 1296 ante
407 1247 553 1296 dicebatur
571 1262 652 1311 quam
675 1247 718 1295 uir
736 1245 795 1295 eius
814 1242 1019 1309 paterfamilias
1035 1242 1128 1291 dictus
1147 1248 1237 1302 esset;
1260 1257 1315 1292 uec

164 1314 349 1378 possunthoc
368 1316 477 1365 nomine
496 1315 588 1379 plures
607 1315 635 1363 in
653 1329 707 1363 una
726 1312 834 1362 familia
852 1315 965 1376 praeter
982 1325 1064 1359 unam
1083 1309 1232 1375 appellari.
1264 1309 1316 1359 sed

164 1397 217 1431 nec
236 1382 319 1431 uidua
342 1383 393 1432 hoc
416 1383 525 1431 nomine
549 1397 600 1431 nec
625 1397 696 1446 quae
715 1381 774 1429 sine
798 1379 864 1429 liliis
883 1384 926 1427 est
944 1377 1080 1442 appellari
1097 1374 1210 1442 potest)
1248 1377 1314 1426 Gal-

165 1448 220 1498 lius
238 1450 333 1499 XVIII
350 1449 380 1500 t:
407 1449 515 1500 ‘Istius
539 1449 668 1499 Melissus
690 1450 720 1498 in
742 1453 837 1497 nostra
857 1446 993 1502 memoria
1017 1446 1069 1494 fnit
1085 1444 1191 1494 Romae
1215 1445 1316 1495 summi

154 1517 275 1582 ‚quidem
294 1518 348 1567 loci
366 1519 440 1567 inter
457 1518 653 1582 grammaticos
671 1517 700 1566 id
717 1514 861 1580 temporis,
885 1513 934 1563 sed
957 1514 1062 1563 maiore
1085 1512 1113 1561 iu
1136 1511 1227 1571 literis
1252 1517 1316 1562 erat

166 1585 304 1634 iactantia
323 1590 351 1634 et
369 1584 518 1650 σοφιστείᾳ
537 1598 617 1650 quam
636 1599 728 1650 opera.
764 1583 788 1631 is
806 1587 916 1648 praeter
936 1580 992 1631 alia
1011 1595 1081 1646 quae
1105 1580 1221 1645 scripsit
1238 1596 1314 1630 com-

165 1652 245 1716 plura
264 1651 364 1701 librum
383 1654 545 1717 composuit,
565 1658 597 1701 ut
613 1658 670 1702 tum
688 1650 836 1701 uidebatur
855 1664 917 1699 cum
935 1655 978 1699 est
996 1648 1086 1698 editus
1104 1647 1252 1698 doctrinae
1271 1649 1313 1698 in·

166 1719 269 1768 elutae.
306 1721 332 1768 ei
350 1719 420 1769 libro
439 1719 536 1770 titulus
555 1724 604 1769 ast
616 1719 738 1785 ingentis
757 1718 899 1768 cuiusdam
918 1715 1078 1767 inlecebrae
1094 1714 1130 1764 ad
1148 1715 1313 1780 legendnm

165 1787 285 1851 scriptus
304 1787 404 1852 quippe
424 1794 478 1836 est:
498 1788 540 1837 De
559 1787 688 1852 loquendi
706 1787 885 1851 proprietate.
910 1785 970 1849 quia
989 1783 1058 1833 adeo
1077 1781 1219 1834 existimet
1236 1781 1313 1848 loqui

165 1868 195 1902 se
214 1859 291 1903 recte
316 1860 398 1918 atque
422 1855 530 1920 proprie
548 1871 645 1920 posse,
667 1855 722 1904 nisi
740 1854 804 1903 illas
821 1852 929 1902 Melissi
950 1851 1137 1917 proprietates
1155 1850 1309 1916 perdidice-

165 1921 219 1968 rit?
248 1935 281 1969 ex
305 1937 337 1971 eo
361 1920 432 1971 libro
455 1923 541 1972 uerba
564 1924 634 1973 haec
658 1927 734 1972 sunt:
764 1921 893 1971 Matrona
912 1925 968 1979 est,
992 1933 1063 1983 quae
1086 1918 1312 1984 semalpeper1t‚

165 2003 236 2052 quae
255 1990 379 2052 saepius,
405 1994 493 2039 mater
516 1990 651 2051 familiam
679 1989 762 2039 sicuti
785 2003 831 2039 sus
853 2003 925 2052 quae
943 1986 1028 2037 semel
1047 1981 1155 2051 peperit
1172 1993 1312 2050 porcetrs,

166 2070 236 2118 quae
259 2056 371 2120 saepius
394 2058 497 2108 scrofa.
538 2063 627 2108 utrum
652 2064 743 2107 autem
760 2056 814 2106 hoc
832 2056 865 2106 de
888 2059 1016 2105 matrona
1035 2069 1068 2103 ac
1087 2054 1120 2104 de
1140 2054 1312 2104 matrefami-

163 2121 217 2171 lias
234 2123 363 2173 Mellasus
386 2127 588 2190 excogitauerit
609 2127 669 2191 ipse
694 2131 722 2174 et
744 2125 957 2184 coniectauerit,
982 2137 1017 2172 an
1040 2121 1172 2186 scriptum
1196 2121 1232 2187 ab
1257 2122 1313 2172 alio

165 2204 218 2253 quo
241 2189 355 2255 legerit,
384 2193 478 2243 ariolis
501 2195 626 2257 profecto
651 2198 693 2243 ast
721 2208 798 2257 opus.
838 2206 904 2240 nam
925 2190 959 2240 ‹Ie
981 2193 1110 2255 poreetra
1132 2188 1221 2239 habet
1243 2205 1312 2240 saue

165 2263 306 2308 auctorem
329 2259 508 2326 Pomponium
530 2261 559 2310 in
575 2260 717 2311 Atellania
739 2275 810 2324 quae
832 2258 885 2308 hoc
909 2257 1006 2308 eodem
1023 2255 1159 2307 uocabulo
1177 2257 1314 2323 inscripta

166 2330 220 2386 est,
245 2326 294 2380 sed
319 2333 472 2378 matronam
495 2344 550 2379 uon
574 2344 635 2380 esse
659 2326 829 2394 appellatam
851 2326 906 2375 nisi
923 2341 994 2390 quae
1013 2323 1100 2374 semel
1117 2325 1242 2389 peperit,
1265 2341 1313 2375 ne-

166 2407 218 2456 que
248 2395 501 2457 matremfamilias,
530 2396 584 2445 nisi
612 2412 682 2461 quae
711 2395 836 2460 saepius,
865 2393 967 2444 nullius
995 2395 1120 2442 ueterum
1147 2392 1314 2457 scriptorum

166 2461 379 2512 auctoritatibus
408 2463 562 2513 confirmari
584 2468 684 2530 potest.
726 2463 864 2513 enimuero
888 2460 955 2511 illud
978 2458 1116 2525 impendio
1139 2459 1313 2524 probabilius

105 2567 108 2571 .
166 2534 224 2591 est,
244 2530 315 2593 quod
333 2531 425 2581 idonei
443 2547 541 2581 uocum
559 2532 732 2595 antiquarum
751 2534 925 2579 enarratores
938 2523 1131 2584 tradiderunt,
1156 2531 1313 2578 matronam

166 2595 268 2646 dictam
288 2613 349 2648 esse
368 2600 491 2663 proprie,
517 2614 587 2662 quae
610 2599 639 2647 iu
657 2597 831 2647 matrimonio
855 2613 914 2647 cum
938 2595 997 2644 uiro
1016 2594 1202 2656 conuenisset,
1222 2596 1313 2659 quoad

166 2663 195 2712 iu
215 2681 247 2713 eo
266 2666 438 2715 matrimonio
462 2672 599 2724 maneret,
625 2666 734 2715 etiamsi
756 2665 838 2714 liberi
856 2663 974 2714 nondum
993 2662 1052 2712 nati
1071 2662 1175 2722 forent,
1195 2662 1312 2713 dictam·

167 2747 218 2795 que
238 2733 278 2780 ita
298 2748 358 2781 esse
379 2750 395 2782 a
413 2735 508 2782 matris
527 2734 650 2793 nomine,
674 2748 729 2782 nou
753 2732 853 2796 adepto
876 2733 931 2781 ism
954 2730 1003 2780 sed
1027 2745 1088 2778 cum
1106 2745 1155 2794 spe
1176 2735 1204 2779 et
1222 2731 1312 2780 omine

166 2814 228 2847 mox
247 2800 433 2862 adipiscendo,
452 2801 524 2851 unde
543 2802 631 2866 ipsum
651 2816 756 2864 quoque
775 2799 978 2848 matrimonium
997 2797 1109 2856 dicitur,
1128 2802 1246 2847 matrem
1267 2815 1312 2848 au·

165 2870 220 2914 tem
241 2866 360 2915 familias
380 2868 548 2931 appellatam
572 2883 632 2917 csse
652 2884 712 2917 earn
731 2866 833 2928 solam,
859 2883 928 2931 quae
948 2866 976 2915 iu
995 2864 1088 2914 mariti
1104 2880 1188 2914 manu
1207 2867 1312 2915 manci·

165 2933 264 2997 ploque
284 2938 331 2981 aut
348 2934 376 2982 iu
396 2936 463 2993 citis,
484 2937 512 2985 in
532 2937 608 2984 cuius
627 2937 750 2993 maritus,
770 2950 852 2983 rnanu
868 2933 1060 2997 mancipioque
1080 2937 1162 2991 essct,
1183 2934 1312 2996 quoniam

165 3013 219 3047 non
248 3000 276 3047 in
300 3003 500 3052 matrimonium
523 3008 629 3052 tantum
653 3003 749 3052 sedin
773 3002 909 3051 familiam
928 3016 1033 3065 quoque
1057 3001 1203 3048 mariti'et
1223 3001 1252 3049 In
1271 3000 1313 3050 siti

164 3065 275 3115 heredis
300 3067 388 3117 locum
413 3069 560 3120 uenisset’
598 3071 803 3133 exscripserunt
820 3071 924 3119 Nomina
948 3085 973 3133 p.
998 3068 1048 3117 442
1072 3074 1099 3117 et
1117 3068 1129 3116 I
1147 3066 1207 3116 375.
1252 3069 1312 3117 Ser-

164 3133 226 3181 vius
241 3135 309 3183 Aen.
328 3137 366 3184 XI
384 3136 448 3186 476:
479 3136 633 3202 Matronae]
657 3139 738 3186 ‘nunc
757 3139 888 3186 feminae.
913 3137 1022 3200 quidam
1045 3151 1112 3185 saue
1132 3135 1312 3197 arbitrantur,

165 3200 238 3249 inter
256 3210 409 3254 matronam
429 3210 457 3255 et
474 3205 712 3255 matremfamilias
731 3205 781 3253 hoc
799 3205 949 3263 interesse,
968 3203 1038 3267 quod
1057 3208 1185 3252 matrona
1203 3203 1312 3254 dicatur

165 3268 253 3331 prima
273 3272 350 3334 pueri
369 3276 465 3331 mater,
486 3271 699 3322 materfamiIins
719 3288 788 3336 quae
808 3272 899 3337 plures
918 3271 1034 3337 peperit.
1073 3270 1122 3319 alii
1139 3270 1192 3319 hoe
1212 3278 1313 3335 putant

165 3337 281 3396 rectius,
311 3347 464 3388 matronam
487 3341 543 3389 dici
573 3356 642 3404 quae
667 3341 694 3388 in
718 3341 920 3389 matrimonium
943 3352 1004 3389 cum
1022 3338 1082 3387 uiro
1101 3340 1266 3388 conuenerit
1286 3344 1313 3389 et

165 3403 194 3451 in
214 3420 246 3452 eo
265 3407 438 3457 matrimonio
457 3409 598 3469 manserit,
619 3408 703 3457 etiam
722 3409 745 3457 si
764 3408 846 3456 liberi
865 3407 982 3456 nondum
996 3407 1111 3454 fuerint:
1131 3405 1235 3455 dictam
1255 3424 1313 3457 ma·

164 3471 214 3520 tris
232 3474 341 3522 nomine
360 3491 408 3539 spe
428 3480 510 3539 atque
523 3476 620 3535 omine,
641 3475 711 3524 unde
726 3481 754 3524 et
765 3475 968 3524 matrimonium
980 3474 1096 3532 dietum;
1115 3477 1233 3522 matrem
1247 3490 1312 3524 uero

165 3538 288 3589 familias
313 3558 373 3591 eam
399 3558 459 3592 esse
483 3559 553 3608 quae
578 3543 605 3591 in
628 3544 719 3592 mariti
743 3559 826 3591 manu
848 3542 1055 3606 mancipioque,
1076 3547 1122 3590 aut
1141 3541 1170 3589 in
1189 3542 1265 3603 cius,
1285 3544 1312 3591 in

164 3607 241 3655 carius
260 3610 386 3671 maritus,
412 3626 494 3659 manu
517 3611 707 3674 mancipioque
733 3616 820 3672 osset,
845 3610 972 3674 quoniam
995 3609 1024 3657 in
1048 3607 1184 3658 familiam
1204 3625 1312 3674 quoque

164 3676 255 3724 mariti
281 3682 308 3725 et
331 3678 373 3725 sui
397 3677 507 3727 heredis
530 3677 619 3727 loetum
643 3678 776 3727 uouisset.
822 3677 871 3726 alii
894 3683 1033 3726 matronas
1057 3676 1179 3740 uirgines
1203 3679 1313 3728 nobiles

164 3742 272 3803 dicunt,
296 3745 522 3794 matresfamilias
545 3761 610 3794 uero
634 3744 697 3794 illas
721 3761 792 3811 quac
815 3745 843 3793 in
867 3745 1069 3794 matrimonium
1092 3749 1141 3808 per
1161 3747 1313 3810 coemptio·

163 3825 225 3857 nem
250 3816 444 3859 conuenerunt.
490 3828 552 3861 nam
577 3828 625 3877 per
653 3813 789 3877 quandam
812 3814 880 3861 iuris
904 3811 1099 3862 solennitatem
1123 3812 1151 3859 in
1176 3812 1313 3865 familiam

164 3877 284 3938 migrant
307 3878 406 3925 mariti.
448 3879 520 3927 Inter
543 3886 658 3928 matrem
681 3896 747 3929 uero
772 3886 799 3929 at
822 3889 936 3928 matrem
962 3878 1084 3928 familias
1107 3879 1159 3928 hoc
1183 3881 1313 3944 interest,

165 3944 235 4007 quoti
254 3949 341 3991 mater
360 3951 410 4001 est,
429 3952 539 4008 praeter
559 3946 634 3995 illam
653 3946 885 4011 significationem
906 3963 975 4011 qnae
995 3951 1038 3995 cst
1057 3947 1090 3995 ad
1105 3946 1220 4010 aliquid,
1240 3967 1312 4015 qtrae

165 4016 270 4058 tantum
289 4013 420 4059 conticuit
432 4015 460 4060 iu
473 4014 684 4072 matrimonIum,
705 4016 775 4078 qtrod
789 4016 836 4065 alii
849 4014 1069 4070 matrifamilias,
1088 4015 1159 4062 sicut
1178 4015 1232 4065 hoc
1251 4017 1313 4068 Ioco

164 4078 342 4135 dictumest,
369 4079 592 4142 applicauarnnt3
617 4083 830 4132 materfamilias
848 4099 928 4140 uero,
954 4097 1023 4145 quae
1049 4084 1179 4131 contrenit
1202 4090 1232 4133 ut
1256 4086 1313 4135 iam

116 4170 122 4179 ·
164 4144 279 4258 diptippus
298 4159 347 4259 pler¹
365 4146 584 4212 coemptionem)
622 4148 657 4196 cf.
679 4149 790 4200 ScrvIus
809 4151 876 4199 Aen.
895 4151 935 4199 XI
954 4148 1012 4197 581.
1045 4149 1170 4199 Servium
1190 4155 1314 4219 exscrip-

164 4226 186 4258 st
218 4227 289 4259 rtem
350 4229 401 4262 .c.
776 4223 786 4239 ⁴
1227 4227 1231 4234 '

248 4372 265 4424 4
283 4365 372 4424 matri
386 4367 420 4424 M
432 4361 446 4448 [l
460 4384 520 4446 que
536 4365 568 4422 M
