2964 5002
533 1282 947 1368 PRAEFATIO

245 1554 278 1614 C.
304 1554 432 1615 Suetoui
455 1552 617 1631 Tranquilli
644 1562 762 1632 praeter
785 1553 942 1615 Caesarum
971 1554 1064 1615 libros
1093 1555 1222 1636 reliquiis
1244 1576 1313 1618 con-

166 1656 288 1731 ligendis
313 1656 430 1733 primus
446 1654 609 1731 Angelus
628 1654 841 1743 politianus
863 1673 984 1733 operam
1007 1658 1130 1717 navavit.
1165 1656 1314 1734 fragmen·

166 1766 263 1816 torum
289 1755 399 1816 deinde
422 1772 580 1815 uurrrerom
603 1757 683 1816 auxit
704 1757 810 1819 lsaao
838 1754 1088 1817 Casauhonus.
1134 1758 1219 1817 onitas
1242 1776 1313 1818 cura

166 1866 198 1917 ut
217 1858 273 1918 luit
295 1873 368 1916 sane
391 1855 546 1916 laudabilis
566 1858 604 1917 ita
625 1856 761 1917 omnibus
783 1859 916 1917 numeris
938 1856 1071 1918 absoluta
1093 1876 1109 1917 a
1128 1858 1198 1917 viris
1220 1856 1315 1918 doctis

167 1960 357 2037 superiorum
385 1954 572 2016 saeculorum
599 1956 714 2016 ridetur
740 1956 839 2017 hahita
871 1974 949 2025 esse,
978 1964 1009 2016 ut
1031 1974 1118 2017 nemo
1140 1958 1175 2017 de
1198 1960 1313 2037 integro

168 2060 203 2119 ael
234 2057 424 2119 retractanda
452 2055 603 2133 praeclara
633 2055 706 2117 liaeo
735 2058 914 2133 antiquitatis
943 2064 1133 2118 monumenta
1162 2077 1255 2137 eaque
1283 2059 1314 2119 in

170 2160 337 2236 integrioris
371 2158 499 2236 aliquam
529 2158 663 2234 eorporis
690 2156 819 2235 speeiem
847 2156 1036 2217 instauranda
1063 2158 1227 2224 aeeederet.
1271 2160 1314 2219 sio

168 2260 221 2321 soli
244 2262 325 2321 easui
351 2257 531 2325 debebatur,
558 2259 711 2317 sinotum
735 2256 932 2333 fragmentum
957 2256 1104 2317 addebant
1128 2257 1216 2318 veluti
1242 2258 1313 2320 illud

169 2349 247 2441 qu⁰od
277 2378 312 2421 er
343 2359 444 2420 eodiee
473 2357 629 2418 Oroniensi
659 2356 696 2416 de
724 2363 828 2418 natura
856 2375 957 2417 rernm
984 2356 1144 2417 lacobus
1168 2359 1313 2419 Grono-

170 2466 249 2523 vius
271 2459 393 2522 rettulit.
429 2465 528 2519 nostra
551 2458 669 2518 domum
692 2462 801 2528 aetate,
825 2476 882 2536 qna
906 2474 1008 2517 omnes
1029 2457 1215 2536 antiquarum
1237 2460 1312 2520 litte·

170 2583 269 2623 rarum
300 2570 397 2639 partes
427 2560 491 2637 pari
519 2560 606 2619 animi
633 2559 794 2619 intentione
824 2565 910 2636 atque
938 2558 1053 2617 terrore
1084 2566 1312 2637 pertractantur,

171 2663 349 2724 intellectum
372 2669 416 2721 est
439 2659 690 2721 Casanlronianam
720 2676 841 2737 operam
870 2658 1023 2719 desideriis
1045 2659 1133 2738 paulo
1159 2661 1312 2720 severiori-

170 2766 224 2825 lens
239 2764 310 2823 satis
332 2781 391 2821 non
407 2760 515 2821 iacere.
535 2760 614 2838 quod
629 2761 734 2820 vidisse
757 2759 914 2837 loseplri
929 2758 1086 2836 Regenti
1106 2761 1243 2820 meritum
1259 2766 1312 2829 est,

171 2867 219 2943 qni
249 2864 303 2924 ‘de
324 2864 355 2923 C.
378 2861 509 2922 Suetonii
531 2860 693 2940 Tranquilli
712 2862 768 2921 rita
792 2867 820 2919 et
848 2858 979 2939 seriptis'
997 2860 1182 2922 l'ratislnriae
1205 2862 1313 2922 disser-

172 2968 311 3025 tationem
342 2961 544 3041 inauguralem
571 2981 609 3022 m.
639 2961 715 3022 llaio
744 2982 768 3022 a.
797 2972 976 3020 nncccuvr
1007 2962 1109 3022 edidit:
1162 2963 1214 3021 etsi
1242 2960 1314 3021 nihil

172 3068 233 3127 tere
257 3083 456 3144 eorumquae
479 3065 508 3123 in
528 3062 584 3123 lroe
604 3079 713 3140 genere
736 3062 879 3141 praestari
902 3068 929 3122 et
958 3068 1094 3138 poterant
1116 3069 1144 3122 et
1166 3061 1314 3122 debebant

172 3168 306 3229 eonieeit.

253 3268 353 3347 ltaque
372 3267 446 3327 ordo
469 3264 712 3345 philosophorum
729 3265 894 3326 Bonnensis
919 3270 1078 3324 auetumno
1096 3264 1225 3324 eiusdem
1245 3265 1314 3324 anni

171 3371 244 3429 hane
268 3370 471 3447 quaestionem
501 3374 533 3426 ut
555 3372 704 3426 certarnen
728 3368 811 3426 deret
833 3367 1002 3443 proposuit:
1049 3365 1101 3425 ‘de
1123 3363 1255 3425 Suetonii
1279 3362 1313 3424 li·

173 3471 233 3531 hris
255 3471 455 3548 grammaticis
478 3474 507 3527 et
528 3468 697 3547 antiquariis
719 3467 850 3545 quaestio
871 3467 1037 3526 instituatur
1064 3466 1102 3526 ita
1131 3470 1162 3524 ut
1185 3462 1314 3541 reliquiis

172 3570 314 3631 librorum
333 3569 369 3630 ah
389 3589 425 3630 eo
446 3576 564 3647 praeter
583 3570 739 3629 (laesarum
754 3569 826 3626 vitas
847 3568 1023 3646 scriptorum
1042 3564 1208 3641 diligentius
1225 3581 1314 3641 qnam

173 3673 269 3732 adlrne
293 3672 400 3731 taetram
417 3677 462 3730 est
478 3668 606 3729 eolleetis
629 3678 658 3730 et
680 3669 825 3746 dispositis
847 3667 882 3727 de
905 3670 1017 3728 rationo
1038 3675 1124 3744 atque
1142 3666 1314 3725 auctoritate

172 3774 336 3835 studiorum
361 3792 376 3831 a
404 3772 545 3831 Senatorio
574 3773 604 3830 in
635 3771 692 3831 hoe·
718 3787 827 3848 genere
855 3771 1017 3847 positorum
1043 3766 1181 3827 indieinm
1203 3764 1313 3825 torme-

172 3874 238 3933 tur.'
271 3875 354 3934 euius
371 3872 551 3951 quaestionis
574 3880 601 3932 et
625 3871 794 3932 diilleultate
810 3877 839 3930 et
860 3873 1002 3948 gravitate
1019 3867 1141 3928 inlectus
1161 3882 1229 3924 enm
1249 3883 1313 3925 eer-

171 3975 249 4035 tandi
274 3972 441 4053 perieulum
460 3971 606 4043 serbirem,
631 3993 666 4034 eo
687 3990 790 4051 passus
813 3989 872 4031 non
896 3988 959 4029 snm
981 3988 1028 4028 mo
1051 3967 1210 4031 (interseri,
1234 3962 1312 4042 qnod

171 4077 199 4136 C.
229 4077 260 4136 la.
290 4076 432 4136 llothium
469 4090 573 4133 novam
608 4074 730 4134 Suetoni
764 4072 919 4132 editionem
952 4067 1147 4128 bibliothecae
1176 4063 1312 4124 Teubne-

169 4180 267 4238 rianae
291 4177 469 4238 destinatam
492 4191 597 4251 parare
619 4175 748 4252 eonperi.
786 4190 852 4231 nam
869 4178 897 4231 et
915 4187 981 4230 sero
1005 4169 1124 4228 nuntius
1146 4165 1182 4224 ad
1197 4180 1244 4221 inea
1262 4160 1312 4219 ad·

168 4280 242 4340 latus
261 4286 305 4339 est
327 4295 419 4356 quam
440 4275 571 4353 quirem
596 4291 689 4353 paene
710 4275 766 4333 iam
789 4271 930 4331 adfinem
950 4269 1121 4348 perductam
1144 4261 1229 4339 plane
1251 4258 1313 4321 alri-

170 4399 265 4441 eerern
289 4388 319 4440 et
342 4394 407 4439 non
430 4372 504 4434 nihil
532 4377 617 4435 etiam
640 4381 705 4452 post
727 4371 881 4439 liothiurn,
911 4370 961 4445 qud
991 4364 1147 4442 quominus
1172 4362 1201 4420 in
1230 4366 1313 4438 parte
