2964 5002
148 344 211 408 304
346 357 464 401 caetra
488 354 664 401 aaaroavrr
687 352 843 399 venerere
867 351 1072 399 consecrare

681 602 758 655 leta

388 725 494 761 VBBSVS
512 725 549 760 D}
567 724 609 760 111
628 723 729 760 Vlll'm
748 722 921 765 asarenam
940 721 1055 778 mulli!
1075 750 1079 758 .

213 827 360 906 Quatuor
383 846 404 888 a
425 823 558 911 quadris
578 823 670 887 uenti
692 821 774 886 flant
791 821 939 910 partibus
960 821 1068 886 orbis:

213 928 351 1014 quisque
374 925 438 990 sibi
459 925 593 990 comites
615 925 763 1009 geminos
784 923 843 988 alit
863 924 1047 989 inferiores.

212 1029 246 1092 hi
268 1028 360 1092 uelut
380 1029 415 1091 in
437 1025 524 1090 circo
546 1025 645 1110 positi
668 1024 730 1089 sub
752 1023 883 1090 climate
904 1035 993 1089 certo

211 1131 260 1195 sic
284 1125 445 1193 elementa
465 1135 612 1204 mouent,
635 1137 673 1189 ut
694 1125 818 1191 eisdem
837 1146 903 1188 non
923 1123 1022 1188 simul
1041 1125 1177 1188 instent.

211 1231 239 1294 si
262 1229 410 1293 furerent
428 1228 565 1315 pariter,
590 1247 649 1289 sua
670 1227 790 1314 quippe
812 1226 994 1290 remitteret
1014 1246 1071 1289 aer
1303 1243 1315 1282 s

211 1330 357 1419 pondera
380 1329 526 1394 continui
547 1328 687 1391 lassatus
709 1327 841 1392 turbine
862 1324 952 1391 belli.

212 1431 391 1496 succedunt
411 1429 541 1496 uicibus
561 1449 647 1495 nunc
669 1428 723 1493 hic
743 1448 831 1492 nunc
849 1426 905 1492 ille
927 1425 1053 1494 solutus

212 1542 244 1597 et
263 1531 363 1595 uertit
384 1539 489 1593 terras
508 1538 548 1622 et·
562 1529 651 1614 cogit
671 1527 847 1593 hebescere
869 1537 999 1593 nautas.

326 1737 504 1797 Primus
533 1733 805 1795 cardinalis
832 1733 1112 1814 Septentrio

378 1850 568 1902 Laterales
593 1851 667 1902 eius
691 1849 835 1915 cyrotus
858 1855 892 1901 et
913 1850 1053 1902 Boreas.

211 1968 342 2032 Primus
364 1964 406 2030 ab
430 1986 493 2029 axe
514 1967 607 2030 uenit
628 1974 846 2052 concretaque
867 1965 993 2050 frigora
1016 1964 1108 2029 ducit

211 2066 392 2132 emundans
412 2064 584 2152 Scythicas
607 2066 786 2152 septentrio
809 2065 953 2131 nubibus
971 2087 1059 2130 oras.

210 2168 340 2233 saeuior
360 2166 422 2232 hoc
443 2165 529 2231 alius
551 2188 615 2231 non
633 2175 700 2250 est3
738 2188 797 2231 seu
818 2168 981 2253 stringere
1003 2167 1112 2231 siccus

210 2271 281 2334 siue
303 2267 426 2333 Gaetae
448 2267 570 2355 pluuiis
590 2289 766 2353 aspergere
786 2269 930 2355 coeperit
950 2267 1047 2334 albis.

211 2390 329 2434 nomen
350 2370 514 2453 aparctias
535 2369 634 2433 sumit
653 2367 781 2432 delatus
802 2367 962 2433 Athenas.

211 2471 332 2535 circius
354 2470 431 2535 huic
452 2470 582 2551 dexter,
604 2467 721 2533 boreas
737 2467 829 2534 uolat
848 2468 926 2534 inde
946 2471 1092 2558 sinister.

211 2573 284 2659 quis
305 2571 353 2635 uti
373 2570 499 2634 soleant
518 2568 569 2633 his
593 2568 723 2633 Graeca
746 2567 906 2635 uocabula
927 2579 1063 2635 restant.
1165 2577 1167 2580 ’

212 2693 349 2757 namque
369 2672 458 2757 prior
476 2670 589 2755 lingua
609 2672 773 2735 uocitatur
792 2671 952 2735 thrascias
973 2672 1046 2753 illa,

211 2781 344 2858 respuat
365 2771 589 2835 hexametrum
610 2773 760 2857 quamuis
783 2794 821 2836 ea
845 2771 945 2835 dictio
966 2793 1107 2837 uersum.

210 2876 280 2958 ipse
301 2872 380 2935 facit
400 2872 550 2937 madidos
573 2881 605 2936 et
626 2873 787 2956 grandine
810 2872 965 2937 uerberat
985 2893 1092 2959 agros.

211 2972 287 3037 inde
306 2994 445 3059 sequens
468 2971 578 3059 aquilo
602 2972 708 3037 dictus
729 2975 897 3058 consurgit
918 2974 960 3038 ab
983 2972 1048 3038 alto

210 3074 324 3140 nubila
344 3076 550 3153 concutiens,
569 3073 628 3138 sed
649 3075 753 3138 rarior
774 3075 844 3138 exit
866 3077 900 3138 in
921 3073 1052 3138 imbres.
1154 3092 1155 3095 ’

210 3175 350 3259 frigidus
372 3175 501 3260 ignotas
523 3174 657 3240 Rhenus
679 3185 855 3262 exasperat
871 3175 977 3240 undas

210 3285 243 3339 et
263 3298 366 3363 nuper
387 3275 546 3362 liquidam
566 3274 706 3361 glaciem
730 3277 809 3341 facit
832 3299 905 3342 esse
927 3277 1116 3364 procellam.

209 3388 403 3467 perpetuum
425 3387 566 3442 montem
586 3379 651 3440 iam
673 3376 714 3442 de
733 3400 768 3442 se
786 3381 1019 3466 parturientem
1052 3376 1059 3383 “

210 3479 342 3545 additur
362 3477 478 3549 Aeolio
492 3488 558 3543 tarn
582 3500 702 3564 magna
721 3480 866 3565 potentin
885 3490 1045 3545 monstro:

211 3582 303 3647 hoste
324 3581 384 3646 sub
407 3581 468 3646 hoc
489 3581 594 3647 nudas
616 3581 740 3666 refugit
762 3602 822 3645 sua
841 3581 946 3666 gloria
968 3581 1087 3664 siluas,

210 3686 484 3770 conqueriturque
503 3682 635 3747 breuem
656 3681 753 3747 tellus
773 3682 933 3746 exhausta
955 3682 1115 3747 docorem.

210 3786 320 3850 onmia
340 3785 509 3849 uincentes
532 3785 586 3848 isti
608 3793 675 3847 tres
693 3783 909 3848 conlaterales

118 3911 125 3923 ·
211 3887 376 3972 suspirant
395 3885 530 3949 tumidis
553 3883 717 3971 hyemalia
737 3895 886 3970 tempora
903 3885 1024 3949 buccis.

146 4022 347 4034 ——-—-

234 4100 312 4151 lala
330 4083 481 4163 'Repperll
502 4094 605 4149 Theod.
625 4093 763 4151 oehlerus
777 4096 807 4149 ln
823 4097 884 4151 cod.
909 4095 1091 4150 Bruxellono
1108 4112 1136 4150 n.
1156 4100 1294 4156 10721s.

145 4180 217 4248 XII,
223 4181 332 4250 publici
338 4178 412 4233 luris
418 4176 669 4248 fccllltllsclrelr'us
678 4179 889 4235 lnMnrJllren.
903 4197 965 4235 noo.
980 4180 999 4235 I
1001 4197 1031 4249 p.
1045 4183 1177 4252 lddaqq„
1190 4183 1295 4240 deinde

146 4265 179 4320 G.
204 4263 359 4320 Beckercs‘
373 4264 402 4316 in
422 4263 531 4334 prolep.
555 4265 594 4317 ad
610 4262 754 4319 Isidorum
771 4266 805 4319 cle
826 4271 934 4319 notura
954 4280 1052 4319 rerum
1069 4281 1140 4336 paq,
1160 4266 1193 4320 X
1199 4267 1225 4322 V
1229 4284 1293 4340 sqq.

144 4350 286 4404 intellexit
299 4350 352 4406 doc
371 4361 488 4402 carmen
512 4354 601 4416 copul
622 4346 827 4404 Suelom'cnum
852 4350 979 4404 versibus
1001 4352 1198 4422 conscriptum
1220 4369 1294 4412 erae.
