2964 5002
183 374 247 440 ml
688 391 819 437 enarra

184 555 315 604 csEcvs
338 556 493 604 Fuvcnvs
516 551 644 605 tumens
667 541 805 606 necdum
826 549 934 606 tamma
957 562 1074 621 canna,
1097 541 1226 631 dequo
1249 543 1330 610 Atu

181 645 217 706 in
238 652 350 727 togata
369 645 417 708 sio
439 644 501 706 ait:

269 765 366 829 apro
388 745 507 831 populo
529 742 645 808 fluctus
665 766 782 809 caecos
805 745 930 810 faciunt
949 767 1009 832 per
1031 746 1249 831 discordiam,

184 856 217 910 et
237 847 422 930 Augustus:
463 849 540 908 ‘nos
563 846 712 908 uenimus
735 843 905 932 Neapolim
928 845 1029 910 fluctu
1051 848 1185 934 quidem
1207 856 1331 915 caeco’.

184 964 284 1011 nlrvs
308 945 468 1033 quidquid
489 967 575 1033 aqua
598 938 753 1010 adluitur.
801 963 944 1010 nuquu
975 950 1081 1012 omnis
1110 948 1244 1032 humor,
1274 952 1343 1038 qni:

183 1048 237 1112 uel
260 1048 385 1112 modice
408 1046 490 1111 fluit.
534 1063 694 1110 ronanus
717 1046 837 1111 fluuius
859 1050 915 1134 qni
938 1047 1050 1136 pluuia
1071 1053 1207 1133 crescit,
1237 1052 1333 1117 sicci·

183 1160 249 1214 tate
272 1150 422 1215 torrescit
443 1147 477 1212 id
500 1158 550 1212 est
571 1151 699 1216 arescit.
714 1148 833 1213 sude
853 1171 917 1236 quo
939 1149 1122 1216 Pacuuius:

429 1249 578 1315 flammeo
598 1271 720 1337 uapore
741 1259 867 1314 torrens
888 1259 995 1315 terrae
1018 1279 1044 1319 s.

183 1370 286 1417 osma
311 1355 419 1416 exitus
444 1351 613 1416 fluminum
636 1354 670 1415 in
693 1373 793 1416 mure.
838 1366 945 1415 avum
973 1373 1130 1439 aquarum
1150 1354 1332 1441 proiectus,

182 1454 295 1542 quales
319 1454 450 1518 suntin
473 1455 601 1518 Aniene
619 1452 752 1517 flumine
775 1473 871 1539 quam
894 1454 1038 1517 maxime
1059 1456 1247 1542 praecipiti.
1341 1515 1342 1519 ,

61 1628 173 1716 158*
267 1636 457 1724 Philosophi
493 1639 667 1725 opinantur
696 1659 771 1701 aere
803 1637 904 1702 denso
934 1653 1077 1702 raanan
1108 1641 1269 1706 sustineri
1297 1652 1331 1708 et

182 1830 239 1878 uia
267 1827 413 1887 crescit,
444 1826 613 1875 siccitate
643 1826 822 1888 torrescit,
852 1825 886 1876 id
915 1831 968 1876 est
991 1827 1132 1877 arescit.
1176 1825 1329 1896 [proprie

182 1902 295 1946 autem
317 1900 456 1942 torrens
479 1893 766 1958 participialiter
789 1909 847 1958 pro
872 1908 1019 1944 exurens
1042 1895 1200 1960 ponitur,
1223 1907 1259 1948 nt
1276 1904 1330 1948 est

183 1962 270 2029 apud
299 1961 499 2010 Pacuuium:
534 1960 704 2010 Flammeo
738 1976 866 2026 raspore
901 1964 1038 2011 torrens
1072 1967 1192 2012 terrae
1223 1965 1329 2016 fetum

182 2027 387 2093 exrrsserit].'
414 2029 514 2077 Festus
531 2044 558 2093 p.
569 2026 632 2077 352:
653 2028 751 2078 ‘Tullus
768 2029 815 2078 ulii
833 2028 961 2078 dixerunt
979 2044 1039 2079 esse
1057 2028 1165 2080 silanos
1184 2030 1236 2081 alii
1253 2033 1329 2083 rinos

89 2151 91 2155 ,
182 2098 231 2147 alii
254 2096 432 2146 uehementes
455 2095 641 2161 proiectiones
664 2096 807 2159 sanguinis
831 2096 966 2146 arcuatim
989 2097 1113 2160 fluentis,
1142 2098 1241 2162 quales
1265 2106 1330 2150 sunt

180 2165 277 2215 Tiburi
299 2165 327 2213 in
346 2164 463 2213 Aniene.
499 2163 604 2212 Ennius
627 2163 656 2212 in
674 2163 774 2213 Aiace:
799 2164 870 2212 Aiax
891 2164 974 2214 misso
996 2165 1131 2230 sanguine
1150 2166 1247 2231 tepido
1264 2166 1329 2219 tulli

182 2233 311 2283 efflantes
329 2229 444 2281 uolant.’
481 2231 517 2280 cf.
537 2230 640 2280 Paulus
658 2231 736 2280 Festi
754 2247 779 2296 p.
800 2228 859 2281 353.

270 2295 318 2354 158
330 2296 346 2329 *
363 2298 484 2349 Isidorus
503 2298 536 2347 de
554 2304 655 2347 natura
673 2314 761 2347 rerum
774 2298 862 2348 XLV:
881 2298 932 2348 ‘De
949 2299 1086 2364 positione
1101 2302 1205 2350 terrae.
1231 2300 1328 2364 Quali·

181 2374 224 2419 ter
246 2372 321 2419 terra
349 2383 432 2433 super
455 2381 547 2416 aerem
567 2366 682 2415 lundata
701 2365 809 2415 libratis
833 2365 962 2416 credatur
978 2371 1054 2416 stare
1077 2367 1263 2433 ponderibus,
1286 2368 1328 2420 sic

181 2436 250 2486 dicit
268 2436 439 2486 Ambrosius:
459 2435 501 2483 De
520 2437 612 2483 terrae
632 2438 723 2483 autem
748 2432 884 2499 qualitate
906 2433 965 2484 siue
983 2434 1121 2499 positione
1139 2434 1267 2487 sufficiat
1284 2450 1327 2487 se·

181 2505 299 2555 cundum
326 2502 489 2567 scripturam
518 2501 567 2551 Iob
596 2501 751 2551 sciendum:
784 2501 856 2562 Quia
881 2500 1024 2567 suspendit
1046 2508 1148 2551 terram
1171 2503 1201 2552 in
1230 2503 1327 2555 nihilo.

180 2571 381 2638 philosophi
401 2584 506 2634 quoque
526 2567 653 2617 similiter
676 2571 916 2634 opinantur
936 2568 1092 2617 alteram.
1127 2570 1328 2622 Verumtamen

180 2647 270 2691 utrum
289 2639 428 2689 densitate
452 2637 524 2686 aeris
548 2636 719 2685 sustineatur
742 2651 777 2685 an
801 2650 1001 2701 superaquam
1019 2637 1154 2700 pendeat,
1173 2640 1241 2703 quia
1259 2639 1328 2689 scri-

181 2708 267 2756 bitur:
292 2707 346 2767 Qui
365 2704 493 2753 fundauit
509 2710 612 2753 terram
631 2719 713 2767 super
732 2718 826 2766 aquas,
847 2702 891 2752 uel
910 2703 1043 2768 quomodo
1062 2719 1110 2754 aer
1128 2706 1220 2755 mollis
1239 2712 1269 2757 et
1286 2712 1326 2756 tc·

180 2777 242 2824 nuis
261 2781 367 2822 tantam
387 2771 591 2836 molempossit
609 2777 764 2820 sustentare
785 2776 935 2833 terrenam,
960 2778 1009 2821 aut
1032 2773 1056 2820 si
1074 2787 1158 2837 super
1177 2789 1266 2839 aquas
1285 2780 1328 2824 est

186 2892 381 2902 ———

179 2958 409 3039 atque‘molium
428 2956 584 3015 abstrusis
601 2957 684 3015 sinus
703 2961 809 3031 Lanos.
825 2977 928 3016 omnes
941 2956 1075 3015 latebras
1095 2958 1230 3018 sublata
1246 2962 1326 3021 mole

180 3047 337 3103 obstrusas
351 3044 381 3100 in
396 3044 462 3101 sinu
479 3043 534 3108 (uel
549 3040 671 3100 obrutas
684 3045 762 3117 sinu)
776 3046 918 3101 Arcesius
932 3061 1036 3101 omnes
1052 3042 1188 3102 latebras
1205 3044 1328 3105 obieeta

178 3129 257 3186 mole
270 3127 410 3186 obstruas
426 3128 509 3185 sinus
528 3129 651 3186 Rothius
666 3122 679 3210 Η
697 3141 706 3189 l
726 3127 856 3202 tumens]
876 3140 976 3186 tamen
993 3131 1014 3185 0
1031 3124 1044 3205 Η
1058 3131 1133 3186 Atta
1148 3132 1327 3190 Gronovius:

178 3216 254 3272 atita
271 3215 329 3269 AM
341 3224 411 3270 uota
428 3214 449 3269 0
467 3223 534 3270 cato
553 3214 627 3287 01)ξὶ
645 3223 764 3288 togatas
780 3214 840 3269 AM
859 3209 872 3292 Η
893 3223 978 3290 :ipro
993 3233 1048 3270 om.
1072 3217 1109 3282 0,
1126 3216 1264 3274 Ribbeck.
1280 3214 1325 3273 illi

176 3301 207 3356 in
219 3304 291 3355 caui.
308 3301 413 3371 Luuqs.
430 3295 442 3375 Η
458 3296 527 3374 polo
540 3299 567 3353 Ι)
583 3293 595 3377 Η
611 3299 717 3355 fluctos
732 3295 798 3356 OM¹
815 3294 828 3376 Η
845 3316 934 3355 cecus
951 3299 998 3355 01)
1013 3292 1025 3378 Η
1042 3297 1197 3356 discordia
1208 3300 1268 3356 AM
1280 3295 1294 3382 Η
1309 3310 1325 3361 t

178 3394 303 3460 agustus
312 3384 420 3440 ACDM
434 3376 446 3461 Η
462 3382 624 3459 inquitnos
635 3385 707 3440 CDL
722 3383 765 3440 eit
776 3403 831 3441 nas
845 3385 866 3440 0
880 3384 936 3439 ita:
953 3382 1020 3440 ‘nos
1032 3386 1104 3440 corsi.
1118 3386 1224 3457 Louna.
1241 3380 1255 3463 Η
1271 3404 1325 3443 nos

176 3490 231 3527 om.
245 3471 303 3525 AM
317 3463 329 3546 Η
346 3464 514 3543 necapolim
533 3468 580 3524 CI)
596 3463 608 3546 Η
624 3468 745 3525 {luctum
760 3469 820 3524 AM
846 3464 850 3545 Ι
873 3486 967 3525 caecu
982 3463 1028 3524 M²
1046 3461 1058 3547 Η
1080 3480 1096 3528 ὁ
1113 3468 1259 3546 quicquid
1275 3472 1325 3528 AO

178 3553 350 3632 quicquitC
368 3547 381 3630 Η
396 3549 520 3608 alluitur
536 3555 558 3610 0
575 3557 613 3609 ul.
630 3547 644 3633 Η
659 3572 762 3610 omnes
778 3554 805 3608 D
827 3546 831 3632 Ι
862 3552 933 3629 quia
948 3553 1008 3609 AM
1026 3547 1039 3631 Η
1059 3560 1074 3613 7
1094 3550 1126 3609 id
1145 3562 1193 3609 est
1214 3555 1324 3613 crescit

177 3642 203 3695 A
228 3633 240 3716 Η
267 3634 413 3712 pacubius
436 3638 462 3691 A
483 3633 631 3694 bacubius
657 3639 690 3693 M
709 3637 856 3714 pecunius
883 3636 925 3693 ait
954 3638 1027 3695 CDO
1048 3630 1060 3716 Η
1082 3637 1121 3707 cf.
1152 3638 1263 3696 Pacuu.
1290 3645 1326 3697 13

178 3724 260 3778 Rioo.
278 3715 291 3800 Η
306 3720 447 3781 9hostiae
462 3714 510 3800 οΗ
525 3720 590 3778 tolli
607 3723 679 3779 CDO
696 3726 733 3777 al.
747 3720 835 3778 tolles
852 3723 889 3776 al.
902 3720 995 3778 tollae
1007 3724 1149 3778 Arerulus
1158 3721 1235 3780 tholi
1252 3727 1325 3781 coni.

176 3810 249 3862 idem
259 3804 338 3862 tullii
349 3808 421 3860 coni.
434 3806 539 3878 lanus.
555 3803 568 3880 Η
585 3825 684 3884 aquae
699 3824 824 3883 quarum
834 3807 861 3861 Ι)
876 3804 889 3883 Η
904 3806 1055 3882 proiectos
1067 3800 1113 3861 M²
1129 3804 1142 3881 Η
1160 3807 1324 3867 10Aniene

178 3892 351 3948 Gronovius:
367 3888 492 3945 aniense
509 3892 621 3947 ADLM
635 3892 809 3948 animensae
826 3891 999 3948 Cassiense
1016 3891 1038 3947 O
1054 3884 1066 3969 Η
1081 3909 1172 3969 quam
1189 3891 1324 3950 maxime

176 3972 337 4052 praecipiti
352 3974 489 4029 Rothius:
520 3993 610 4051 quarn
625 3974 755 4033 maxime
772 3975 939 4053 praecipite
957 3976 1013 4031 AM
1028 3993 1118 4053 quarn
1137 3994 1170 4033 sc
1189 3978 1325 4034 maxima

175 4056 352 4136 praecipitio
371 4058 393 4113 0
410 4076 499 4135 quam
518 4058 649 4116 maxima
663 4060 844 4138 praecipitia
863 4062 911 4116 (¹1)
925 4078 986 4138 qua
1002 4079 1035 4116 se
1051 4060 1182 4117 maximo
1204 4061 1323 4138 praeci·

176 4144 251 4222 pitin
261 4143 287 4199 in
300 4160 403 4217 agrum
414 4138 606 4200 Tiburtinum
615 4143 745 4201 dornittit
756 4148 829 4202 coni.
840 4146 982 4201 Miillrrus
994 4143 1135 4223 quoniam
1148 4163 1182 4202 se
1191 4147 1323 4204 maxime

175 4228 359 4305 praecipitat
371 4229 442 4284 coni.
454 4227 559 4298 Luaya.
577 4221 589 4306 Η
608 4239 633 4287 tl
650 4229 863 4305 oppinanturA
877 4224 891 4310 Η
907 4229 1144 4286 sustinereABD
1156 4231 1323 4288 sustentari

178 4307 225 4392 οΗ
242 4312 267 4370 dc
283 4312 324 4369 'co
342 4313 371 4369 in
388 4308 527 4368 mundum
545 4312 693 4388 spungiae
706 4312 776 4390 adq:
791 4317 816 4370 A
831 4317 973 4386 nisiquod
986 4333 1035 4371 mn
1048 4311 1140 4371 edum
1152 4309 1192 4370 Α2
1205 4324 1236 4373 et
1253 4333 1322 4375 essa

173 4394 206 4452 in
218 4396 338 4455 modam
351 4394 497 4475 spongiae
513 4404 604 4473 atque
618 4397 666 4451 01)
681 4393 804 4473 &quasi
819 4399 977 4476 spongiam
991 4400 1049 4456 BE
