2964 5002
160 353 221 417 222
663 368 794 412 raarru

159 539 231 580 mae
252 515 443 597 candorem,
472 515 560 600 quod
581 515 740 579 eiusmodi
763 516 806 580 sit
830 523 867 579 ut
892 537 971 602 prae
992 517 1110 580 ceteris
1130 516 1241 582 lucere
1259 520 1306 582 ui·

160 617 286 682 deatur.
331 617 410 680 baec
434 618 543 680 oriens
565 617 722 681 mundum
743 617 861 681 ardore
888 619 989 683 nimio
1012 617 1132 681 caloris
1158 618 1307 683 incendit

123 774 127 779 .
160 727 193 782 et
213 728 307 783 aestu
331 739 389 782 suo
411 717 539 781 fructus
558 719 682 795 exurit,
707 717 872 782 interdum
900 726 934 782 et
955 719 1068 784 morbo
1096 718 1211 783 adficit
1239 742 1306 785 cor·

52 1177 152 1251 143*

158 841 239 905 pora
258 840 467 904 corrumpens
487 840 597 883 aerem
617 817 793 903 flagrantia
810 820 908 904 ignis.
952 820 995 885 ab
1017 819 1079 884 bac
1101 821 1188 885 euim
1211 821 1307 885 stella

160 921 230 985 dies
253 919 456 984 caniculares
479 920 703 1001 nominantur,
727 922 881 1006 quoniam
904 920 937 984 bi
958 921 1032 1008 plus
1047 920 1191 1006 flagrant
1211 922 1327 987 ardo-s

159 1021 251 1086 ribus
271 1023 486 1108 quamtotius
508 1022 644 1085 aestatis
666 1029 804 1107 tempus.

245 1166 423 1254 rbuffava
458 1211 501 1254 ex
536 1190 666 1275 fragore
695 1188 829 1254 nubium
855 1199 1065 1276 generantur.
1119 1193 1154 1255 iu
1183 1214 1305 1256 morem

161 1291 366 1357 exilientium
388 1291 428 1355 de
451 1290 588 1357 stabulis
611 1289 844 1377 quadrigarum
869 1314 969 1357 sonus
998 1291 1138 1378 fragoris
1163 1294 1234 1357 eius
1262 1293 1305 1357 ad

158 1415 254 1457 aures
278 1401 407 1457 nostras
429 1394 596 1457 emittitur.

158 1565 246 1630 origg.
266 1565 310 1614 III
327 1563 374 1625 70,
395 1563 471 1629 resq.
491 1581 517 1629 p.
538 1563 584 1612 77:
609 1563 711 1614 ‘Sirius
729 1564 811 1615 stella
831 1565 919 1614 estin
939 1564 1028 1615 medio
1047 1570 1142 1615 centro
1162 1565 1248 1623 caeli,
1269 1564 1304 1614 ad

158 1647 239 1697 quam
258 1648 319 1681 cum
336 1631 378 1682 sol
401 1632 566 1693 accesserit,
590 1631 747 1696 duplicatur
771 1633 848 1682 calor
865 1633 953 1697 ipsius
971 1638 1000 1683 et
1017 1632 1151 1699 languore
1170 1633 1303 1683 afficiun-
1356 1629 1360 1638 '

157 1705 201 1749 tur
231 1715 346 1763 corpora
374 1699 502 1749 bumana.
544 1699 644 1748 Sirium
669 1706 761 1750 autem
784 1699 895 1750 stellans
917 1705 1047 1750 uocatam
1070 1705 1169 1765 putant
1191 1705 1304 1766 propter

157 1767 284 1816 flammae
309 1766 464 1816 candorem.
510 1767 608 1816 Latini
633 1773 724 1816 autem
747 1767 824 1818 illam
847 1767 1009 1818 Caniculam
1032 1775 1148 1830 uocant,
1178 1768 1252 1818 unde
1276 1771 1304 1818 et

157 1835 218 1884 dies
237 1833 413 1885 caniculares
432 1834 574 1897 dicuutur,
598 1836 663 1898 quia
682 1836 801 1899 quandiu
824 1835 867 1885 sol
885 1837 914 1884 in
932 1837 994 1901 ipsa
1012 1841 1066 1898 eat,
1090 1836 1229 1901 pestilera
1251 1839 1303 1898 est,

76 1964 78 1969 Ι
156 1902 206 1951 scd
223 1918 272 1967 pro
291 1900 428 1965 qualitate
446 1901 635 1952 adiacentium
654 1908 844 1953 commutatur.
876 1919 940 1953 uam
959 1908 1007 1954 aut
1029 1904 1150 1954 uincitur
1167 1909 1214 1952 aut
1232 1919 1302 1953 mor·

156 1969 232 2018 bosis
250 1969 337 2018 utitur
354 1969 470 2019 uIribus.
494 1969 560 2019 biuc
579 1975 621 2020 est
640 1970 785 2035 quodcum
811 1977 887 2021 certo
911 1977 1032 2036 ternpore
1045 1972 1145 2033 oritur,
1158 1986 1214 2020 non
1232 1985 1302 2021 sem·

156 2052 206 2101 per
222 2041 266 2085 est
283 2034 384 2085 neris.¹
416 2037 452 2086 ei.
471 2037 592 2088 Isidorus
610 2039 697 2103 origg.
716 2038 760 2088 III
778 2037 825 2099 70,
846 2038 884 2088 14.
904 2039 1026 2089 Isidorus
1043 2037 1061 2087 l.
1082 2056 1105 2088 e.
1127 2036 1220 2103 itiaqz
1241 2037 1301 2088 ‘Co—

156 2109 243 2153 metes
261 2103 344 2154 stella
363 2111 407 2154 est
424 2104 514 2167 dicta,
535 2121 567 2155 eo
587 2105 658 2169 quod
677 2121 770 2155 comas
787 2105 899 2156 lumime
918 2122 951 2157 ex
970 2122 999 2156 sc
1019 2106 1126 2156 fundat.
1164 2105 1237 2171 qued
1255 2121 1302 2172 ge·
1354 2151 1360 2167 ,

155 2186 206 2220 nus
229 2171 329 2223 sideris
351 2171 459 2237 quaudo
483 2174 644 2238 apparuerit
667 2179 716 2223 aut
740 2173 931 2238 pestilentiam
959 2179 1008 2223 aut
1030 2174 1131 2223 famem
1154 2179 1204 2223 aut
1227 2172 1303 2223 bella

155 2238 304 2304 significat.
342 2245 468 2290 cometae
487 2246 579 2291 autem
597 2241 699 2291 Latine
718 2242 839 2291 crinitae
859 2240 1047 2307 appellantur,
1067 2242 1133 2305 quia
1152 2241 1181 2290 in
1192 2241 1302 2290 modum

156 2307 273 2356 crinium
291 2308 415 2358 flammas
433 2315 583 2374 spargunt,
603 2323 671 2373 quas
689 2308 770 2358 stoici
789 2309 885 2359 dicunt
903 2323 965 2359 esse
983 2309 1058 2359 ultra
1075 2308 1166 2370 XXX,
1187 2324 1301 2374 quarum

102 2395 106 2403 ·
155 2376 267 2425 uomina
285 2380 314 2424 et
332 2375 448 2425 effectus
466 2376 576 2440 quidam
596 2377 729 2441 astrologi
747 2373 936 2441 scripserunt’
955 2403 988 2411 -
1005 2375 1149 2442 Ampelius
1166 2377 1224 2426 III:
1250 2376 1301 2425 ‘De

155 2443 301 2493 sideribus.
325 2445 442 2493 Praeter
458 2444 602 2495 duodecim
619 2445 701 2509 signa
713 2445 906 2509 potentissima
923 2444 1016 2494 sidera
1028 2444 1057 2493 in
1076 2443 1169 2494 caelo:
1188 2449 1300 2508 septen·

154 2512 260 2561 triones
278 2511 344 2573 duo,
368 2512 455 2561 maior
474 2518 502 2562 ct
520 2512 633 2574 minor.
649 2513 695 2576 qui
713 2527 858 2576 numquam
877 2518 1036 2576 merguntur
1054 2511 1171 2576 ideoque
1189 2512 1302 2561 nauium

157 2594 252 2628 cursus
270 2584 382 2643 regunt,
407 2594 519 2644 quorum
539 2580 611 2629 alter
628 2579 770 2642 Cynosura
788 2580 889 2628 dicitur
906 2600 919 2627 s
939 2598 955 2627 a
989 2580 1116 2642 (lacunam
1140 2596 1187 2644 egro
1210 2579 1301 2645 stetu)

154 2649 271 2708 Bootes,
296 2647 368 2696 idern
385 2647 525 2697 Arcturus.
562 2647 648 2709 Oriqn
667 2648 712 2711 qui
725 2647 915 2711 magnitudine
928 2662 979 2697 sua
991 2647 1132 2696 dimidiam
1145 2645 1220 2696 caeli
1233 2646 1302 2697 obti-

156 2720 204 2764 net
217 2719 331 2779 partem.
356 2714 469 2764 Pliades
482 2731 552 2779 quac
571 2716 672 2764 Latine
686 2715 821 2778 uergiliae
835 2715 969 2765 dicuntur.
994 2715 1108 2778 Hyades
1121 2730 1191 2779 quae
1206 2714 1242 2764 ab
1256 2729 1302 2765 no·

156 2783 198 2831 bis
212 2781 330 2831 Suculae
344 2782 485 2844 dicuntur,
499 2798 610 2846 quorum
624 2790 698 2831 ortus
712 2789 740 2831 et
752 2798 869 2832 occasus
883 2797 899 2831 a
913 2783 1005 2831 nautis
1018 2788 1046 2832 ct
1059 2782 1094 2831 ab
1109 2781 1243 2845 agricolis
1255 2783 1301 2832 ob·

156 2853 309 2899 seruantur.
341 2849 489 2911 Canicula,
510 2852 587 2900 euius
605 2851 647 2899 uis
662 2851 812 2914 praecipue
831 2849 951 2901 solstitio
965 2848 1071 2899 cst'-
1095 2849 1203 2899 Plinius
1221 2850 1254 2899 N.
1268 2848 1301 2898 H.

155 2918 184 2966 II
196 2916 242 2966 ill:
266 2915 446 2981 ‘Spargentur
464 2917 612 2982 aliquando
626 2924 654 2968 et
667 2919 822 2966 errantibus
834 2918 923 2968 stellis
937 2918 1091 2982 ceterisque
1106 2916 1218 2966 crines.'

243 2981 315 3037 143*
328 2985 447 3034 Isidorus
466 2986 499 3035 de
518 2992 616 3035 natura
635 3001 724 3035 rerum
742 2986 887 3035 xxvllss:
908 2986 958 3034 ‘Dc
972 2987 1102 3035 tonitruo.
1133 2985 1303 3035 'fonitrua

156 3058 248 3101 autem
262 3070 300 3102 cx
365 3061 584 3118 generantur.
611 3054 740 3118 concepti
753 3055 826 3102 enirn
839 3054 913 3103 iutra
925 3054 1013 3102 siuunr
1027 3053 1139 3102 nubium
1157 3058 1301 3103 uentorum

154 3121 266 3184 spiritus
279 3126 423 3170 uersentur
436 3121 551 3182 ibidem,
570 3136 685 3185 cunique
704 3120 882 3170 uehementer
894 3137 956 3171 sese
976 3127 1117 3186 erupturos
1131 3120 1259 3170 eliserint
1274 3124 1302 3170 ct

156 3189 267 3237 uirtutis
280 3205 346 3238 suae
360 3189 515 3238 mobilitate
530 3190 557 3238 iu
572 3188 724 3253 quamlibet
736 3194 842 3253 partem
852 3189 1005 3254 eruperint,
1018 3204 1119 3253 magno
1132 3191 1303 3254 concrepant

157 3271 291 3305 murmure
305 3262 333 3305 et
349 3258 382 3305 iu
396 3273 517 3306 morem
583 3257 758 3306 emittitur
773 3257 870 3319 (ultbrru
887 3259 1003 3307 uidentur
1017 3264 1112 3320 poetae
1130 3258 1231 3322 nrrtiqar'
1246 3271 1302 3306 ease

156 3341 227 3388 quem
245 3324 379 3374 Suetonius
397 3341 465 3374 neore
487 3341 532 3374 arro
556 3325 718 3388 crllrihuerr't).
749 3324 820 3374 alias
834 3331 924 3374 auteur
938 3326 1085 3374 tonitruum
1098 3326 1176 3374 uocis
1188 3325 1301 3373 diuinae

156 3407 275 3455 superna
294 3399 335 3441 est
353 3393 507 3456 increpatio
525 3392 584 3442 siue
603 3393 680 3442 clara
697 3392 872 3457 praedicatio
894 3397 1064 3453 sauctorum,
1088 3409 1159 3456 (quac
1179 3392 1301 3441 clamore

156 3460 221 3508 forti
240 3477 289 3525 per
307 3466 392 3510 totum
410 3460 503 3509 orbern
521 3466 655 3509 terrarum
675 3461 702 3508 in
721 3460 832 3509 auribus
851 3460 973 3509 lidelium
985 3462 1148 3525 perstrepit,
1162 3476 1213 3525 per
1231 3459 1301 3524 quod

157 3530 244 3592 possit
264 3528 373 3593 eulpam
391 3543 468 3579 suam
487 3527 641 3579 admonitus
660 3544 811 3593 agnoscere
826 3526 963 3579 'urendus'
988 3529 1109 3578 Isidorus
1128 3532 1218 3594 origg.
1233 3528 1302 3578 XIII

155 3595 206 3654 s‚l.
218 3597 341 3645 Arubros.
355 3597 424 3646 H.II
435 3597 460 3657 4,
476 3596 519 3647 lli:
531 3597 617 3646 ‘Vnde
631 3602 659 3645 ct
671 3597 704 3645 de
717 3597 880 3659 tonitrubus,
894 3612 965 3660 quac
979 3600 1113 3660 concepto
1126 3597 1201 3646 iutra
1212 3598 1300 3646 sinum

155 3665 267 3715 nulnum
286 3667 386 3730 spiritu
405 3682 465 3715 curn
484 3681 513 3715 se
532 3665 712 3715 uehementer
725 3671 868 3729 erupturus
888 3665 994 3714 eliserit
1012 3679 1111 3728 magno
1130 3670 1302 3730 concrepant

155 3734 315 3791 souitu,ait
332 3734 482 3797 scriptura:
510 3733 632 3782 ‘firmans
651 3730 791 3782 tonitrua!
827 3748 860 3781 cx
879 3731 967 3782 llasili
985 3733 1047 3782 bex.
1067 3749 1092 3796 p.
1112 3731 1144 3781 '25
1163 3733 1188 3782 d.
1209 3760 1240 3768 -
1258 3733 1301 3781 lle
1325 3729 1326 3733 ’

154 3816 182 3849 rc
203 3802 238 3849 cf.
264 3800 365 3850 ldeleri
383 3800 561 3866 ureteorolog.
581 3806 636 3851 vet.
657 3800 756 3851 Graec.
778 3804 805 3849 ct
823 3801 937 3850 Roman.
957 3816 982 3864 p.
1005 3799 1052 3849 latr
1070 3815 1128 3864 sqq.

241 3958 339 4037 lquia
357 3960 383 4013 B
397 3950 411 4037 ΙΙ
425 3956 459 4013 tit
477 3953 517 4016 B¹
539 3952 552 4035 ll
574 3965 696 4035 praeter
715 3957 743 4013 B
754 3954 853 4034 priter
871 3960 895 4012 A
910 3951 923 4035 ll
939 3965 1042 4014 cetera
1060 3951 1099 4013 13¹
1117 3965 1239 4016 ceteras
1263 3951 1300 4015 B²

154 4041 167 4123 ll
185 4043 280 4101 lucire
297 4037 333 4099 B¹
351 4037 364 4118 Η
380 4049 396 4100 2
415 4042 560 4100 mundum
576 4045 599 4099 Α
616 4063 693 4101 corr.
710 4047 774 4100 cod.
795 4061 831 4098 m.
856 4041 869 4122 Η
890 4041 1027 4099 ardorem
1046 4040 1109 4098 ΑΒ1
1125 4039 1139 4120 ll
1156 4044 1301 4103 incendet

153 4133 180 4186 B
195 4123 207 4209 ll
222 4134 240 4187 3
258 4127 443 4185 et-exurit
460 4147 513 4185 ons.
534 4123 569 4184 A¹
586 4123 599 4207 ll
615 4127 737 4186 datestu
757 4123 792 4182 Β1
810 4139 911 4186 atestu
928 4122 969 4182 13²
985 4121 997 4205 Η
1014 4128 1129 4187 tructos
1145 4124 1183 4185 Αἵ
1199 4125 1213 4211 ΙΙ
1229 4150 1299 4189 exu-

152 4221 199 4271 ret
214 4208 251 4269 Α2
265 4207 279 4293 Η
295 4211 384 4271 adli&
399 4215 423 4267 Α
439 4212 554 4271 adfecit
569 4209 609 4269 B¹
625 4212 727 4284 aflicit
743 4210 782 4271 13²
798 4207 811 4293 Η
827 4214 946 4292 corpori
971 4209 1008 4270 B²
1030 4210 1042 4294 ll
1064 4225 1129 4274 tac
1147 4219 1173 4271 A
1187 4210 1201 4294 ll
1218 4215 1300 4274 stilla

153 4293 191 4353 Βι
208 4318 261 4354 am.
280 4295 315 4354 ΑΙ
335 4293 348 4377 ll
362 4309 378 4359 5
392 4297 469 4355 lriiA
485 4293 498 4378 ΙΙ
513 4307 529 4359 6
544 4299 636 4355 tutius
649 4300 676 4353 B
690 4295 702 4376 l}
719 4298 849 4376 tempus]
868 4308 985 4376 tempus
1003 4300 1065 4358 XV
1081 4299 1148 4358 dics
1171 4299 1299 4360 deiulio

153 4390 184 4440 et
195 4383 258 4440 XX
272 4382 309 4440 de
322 4391 451 4459 augusto
463 4387 499 4440 ul.
515 4377 558 4464 117
575 4384 689 4458 llagore
705 4379 745 4438 B¹
760 4378 774 4463 Η
789 4385 820 4441 ni
836 4382 918 4443 bium
935 4380 972 4440 ΑΙ
988 4379 1001 4466 Η
1018 4404 1101 4443 more
1117 4389 1142 4440 A
