2964 5002
168 359 231 426 228
676 376 811 422 enarrat

305 534 423 589 uentus
446 527 533 589 euim
555 522 592 589 fit
610 527 666 590 ubi
687 537 738 590 est
765 526 920 612 agitando
945 530 1088 615 percitus
1110 551 1177 594 aer.

168 629 229 691 hoc
246 629 332 691 enim
357 628 391 690 in
415 627 484 691 loeo
506 625 776 713 tranquillissimo
799 638 832 691 et
853 628 895 693 ab
912 630 1063 693 omnibus
1078 633 1188 695 uentis
1207 635 1317 718 quieto

167 729 262 793 breui
285 726 417 791 flabello
441 726 615 815 adprobari
639 737 760 814 polest,
783 751 849 815 quo
871 731 969 794 etiam
991 752 1122 795 nruseas
1145 732 1317 817 abigentes

168 853 275 893 aerem
301 851 542 893 commouemus
564 827 740 916 flatumque
761 833 930 897 sentimus.
962 832 1145 918 quodcum
1170 839 1318 901 euenerit

168 931 345 995 occultiore
366 930 506 1016 quodam
527 939 615 993 motu
639 931 828 994 caelestium
844 933 898 996 uel
918 940 1121 998 terrenorum
1143 957 1336 1022 corporums

167 1055 226 1119 per
245 1054 398 1116 magnum
416 1035 557 1118 spatium
577 1032 706 1113 mundi,
730 1042 848 1097 uentus
863 1043 999 1097 uocatur·
1020 1057 1063 1098 ex
1080 1035 1225 1099 diuersis
1246 1061 1316 1124 par·

166 1135 256 1198 tibus
285 1131 368 1196 caeli
398 1134 529 1197 nomina
561 1134 660 1196 etiam
692 1133 824 1196 diuersa
850 1135 995 1198 sortitus.
1045 1136 1180 1221 qnidam
1208 1148 1316 1203 autern

166 1236 259 1298 aiunt
279 1255 316 1297 eo
339 1234 425 1320 quod
446 1235 602 1320 exequie
624 1256 696 1315 aer,
722 1255 765 1297 ex
780 1255 857 1299 aere
876 1236 966 1299 uenti
990 1247 1182 1302 nascuntur.

59 1412 160 1486 151*
254 1420 431 1484 Ventorum
449 1421 573 1507 primus
602 1420 779 1485 cardinalis
804 1435 1024 1485 serratarum
1050 1421 1196 1507 frigidus
1213 1433 1248 1488 et
1269 1427 1337 1499 ni,

169 1522 253 1585 uelis
274 1519 332 1584 flat
357 1530 466 1585 rectus
489 1520 531 1586 ab
555 1543 619 1585 axe
646 1530 678 1585 et
700 1522 781 1584 facit
801 1520 895 1586 arida
917 1521 1044 1605 frigora
1066 1532 1099 1586 et
1129 1525 1233 1587 siccat
1255 1546 1311 1588 nu·
1325 1548 1347 1587 ro

167 1715 299 1760 cuntur.
337 1709 465 1758 Clemens
485 1714 575 1758 autem
595 1709 676 1759 dicit:
701 1710 741 1758 Eo
765 1709 835 1774 quod
853 1714 960 1758 montes
978 1709 1083 1759 excelsi
1101 1711 1187 1760 certis
1205 1712 1314 1776 quibua·

168 1779 230 1828 dam
248 1777 404 1826 habeantur
422 1778 450 1825 iu
474 1775 541 1825 loeis
566 1783 594 1825 et
611 1794 645 1826 ex
663 1777 705 1826 Iris
723 1776 801 1826 uelut
819 1792 983 1842 conpressus
1002 1783 1030 1825 et
1047 1783 1250 1842 coangustatus
1268 1796 1316 1830 aer

166 1846 337 1895 ordinatione
356 1843 401 1892 dci
419 1847 536 1908 cogatur
554 1849 582 1893 et
607 1845 776 1908 exprimatur
799 1845 828 1893 in
851 1848 963 1906 uentos,
988 1859 1100 1909 quorum
1119 1845 1147 1894 in
1166 1847 1314 1911 spiramine

168 1919 196 1960 et
219 1913 324 1960 fructus
347 1927 459 1975 germen
483 1912 625 1976 concipiat
648 1912 824 1974 aestiuusque
853 1912 933 1962 ardor
955 1912 1115 1977 temperiem
1134 1919 1235 1974 stimat,
1255 1929 1314 1965 curn

166 1978 274 2044 pliades
297 1980 403 2058 Ignitae
423 1977 488 2028 solis
505 1972 650 2028 'ardoribus
668 1979 870 2028 incanduerint.
907 1979 983 2028 uenti
1002 1985 1094 2030 autem
1113 1982 1252 2032 interdum
1268 1997 1314 2034 an·

166 2047 288 2111 gelorurn
311 2045 508 2110 intelleguntur
532 2046 659 2111 spiritus,
688 2047 733 2110 qui
758 2061 774 2095 a
797 2046 915 2097 secretis
938 2046 983 2097 dai
1005 2047 1040 2097 ad
1064 2047 1185 2098 salutem
1202 2049 1315 2101 humani

167 2116 276 2178 generis
294 2129 343 2178 per
361 2113 518 2163 uniuersum
536 2113 663 2163 mundum
682 2114 835 2163 mittuntur.
871 2114 938 2164 item
956 2130 1159 2180 nonnumquam
1177 2118 1256 2167 uenti
1273 2119 1313 2167 in-

167 2187 292 2231 centores
316 2181 429 2245 spiritus
446 2182 510 2246 poni
533 2181 624 2230 solent
643 2197 692 2246 pro
710 2197 743 2231 eo
767 2182 838 2246 quod
860 2181 952 2232 rusiae
974 2185 1165 2247 suggestionis
1189 2185 1256 2234 flatu
1280 2186 1314 2235 ad

167 2256 279 2298 terrena
302 2249 441 2297 desideria
465 2249 617 2312 iniquorum
642 2249 726 2299 corda
747 2249 900 2299 succedunt
922 2250 1072 2299 secundnm
1090 2251 1162 2314 quod
1181 2253 1314 2317 scriptum

166 2323 222 2366 est:
246 2315 340 2365 'I'ollet
362 2331 423 2365 enm
446 2321 544 2365 uentus
566 2316 667 2366 urens!
705 2316 833 2366 Clemens
851 2330 963 2383 recogn.
983 2318 1050 2367 VIII
1067 2317 1115 2368 ⁶23:
1144 2319 1226 2371 ‘Nam
1245 2321 1315 2384 quod

165 2385 287 2433 interra
304 2387 410 2433 montes
427 2383 531 2434 excelsi
549 2386 632 2433 certia
652 2384 813 2449 quibusdam
831 2383 987 2434 habeantur
1004 2386 1033 2434 in
1051 2385 1135 2447 locis,
1163 2394 1197 2436 ut
1220 2403 1254 2437 cx
1272 2388 1315 2437 Iris

165 2451 242 2502 uelut
260 2465 431 2516 compressus
455 2456 483 2499 et
506 2458 704 2516 coangustatus
723 2466 771 2502 aer
787 2451 963 2501 ordinatione
980 2452 1025 2502 dei
1043 2459 1161 2518 cogatur
1178 2461 1208 2505 et
1225 2454 1315 2521 expri-

166 2525 256 2569 matur
274 2521 301 2568 iu
319 2524 431 2579 uentos,
456 2526 489 2568 ex
513 2519 610 2583 quibus
633 2525 662 2569 et
687 2521 792 2569 fructus
815 2535 930 2584 germen
953 2520 1113 2585 concipiant
1136 2527 1167 2570 ot
1190 2525 1315 2572 aestiuus

167 2588 248 2637 ardor
265 2587 426 2651 temperiem
445 2592 548 2647 sumat,
569 2602 629 2636 cum
648 2587 772 2651 pleiades
789 2587 896 2652 ignitae
915 2587 981 2638 solis
1000 2588 1143 2638 ardoribus
1162 2590 1314 2640 incandue-

167 2654 240 2704 rint'
278 2654 441 2704 Plutarchus
465 2655 494 2703 P.
519 2656 550 2702 P.
571 2655 613 2703 III
631 2655 661 2703 7:
685 2650 758 2718 Περὶ
781 2645 904 2718 οἱνέμων.
941 2645 1179 2720 Ἀναξίμανδρος,
1204 2647 1314 2724 ἄνεμον

167 2717 242 2772 εἶναι
262 2715 344 2784 <idota
362 2712 460 2785 α’ἐρος,
485 2719 541 2770 τῶν
563 2714 742 2771 λεπτοτάτων
766 2713 797 2771 ἐν
819 2711 898 2785 αὐτῷ
920 2721 970 2772 καλ
992 2715 1159 2787 ὑγροτάτων
1181 2716 1241 2776 ὑπὸ
1264 2725 1315 2776 τοῦ

176 2783 183 2801 C

187 2790 250 2839 λίου
263 2784 441 2854 κινουμένων
459 2778 479 2866 ἦ
495 2786 668 2852 τηκομένων.
706 2783 746 2839 Oi
762 2788 901 2866 Στωικοί,
920 2788 980 2840 πεῖν
998 2789 1112 2855 πνεῦμα
1130 2785 1219 2855 α’έρος
1237 2787 1313 2843 εἶναι

166 2807 258 2920 Ηύοιν,
278 2859 341 2913 ταῖς
362 2855 420 2933 τοῖν
442 2872 537 2906 τοπων
555 2851 587 2905 etl
611 2858 809 2930 παραλλαγαῖς
837 2872 888 2915 τας
912 2849 1076 2935 ἐπωνυμίας
1099 2854 1314 2937 παραλλάττον·

167 2938 234 2973 ταν·
254 2918 329 2981 οἷον,
350 2919 408 2973 απὸ
426 2921 478 2973 τοῦ
494 2917 585 3002 ζόφου
602 2922 652 2974 καλ
669 2924 719 2990 τῆς
739 2924 854 2986 ὃυοεως,
873 2919 1007 2989 ζέφυρον·
1025 2920 1084 2976 απὸ
1101 2926 1153 2992 τῆς
1170 2927 1314 3008 ανατολῇς

166 2989 216 3040 καὶ
234 2990 284 3039 τοῦ
302 2982 401 3056 ἡλίου,
425 2983 599 3056 οἲπηλιωτην·
618 2987 669 3041 τὸν
687 2983 717 3042 δ’
735 2986 795 3043 α’πὸ
812 2991 868 3041 τῶν
885 2983 1011 3056 ἄρκτων,
1032 2987 1109 3044 εἶναι
1128 2991 1246 3062 βορέαν·
1265 3013 1314 3048 τον

166 3050 197 3108 δ’
215 3051 272 3107 α’πὸ
290 3057 346 3107 των
364 3058 476 3122 νοτίων,
495 3058 570 3122 λίβα.
606 3054 811 3125 Μητρόδωρος,
834 3051 999 3118 ὑδατώτους
1016 3051 1244 3128 α’ναθομιοίοεως
1263 3061 1310 3115 διὰ

166 3120 220 3191 τὴν
231 3118 356 3191 ἡλιακὴν
368 3121 504 3177 ἔκκαυσιν
514 3127 650 3191 γίνεσθαι
662 3120 756 3192 ὁρμὴν
767 3125 947 3206 πνευμάτων
965 3122 1031 3186 τους
1048 3120 1077 3178 δ’
1089 3122 1207 3195 ἐτησίας
1219 3135 1312 3195 πνεῖν,

166 3193 218 3242 τοῦ
228 3187 300 3255 πρὸς
311 3196 374 3252 ταῖς
385 3185 500 3258 ἄρκτοις
512 3190 713 3277 παχυνθέντος
724 3187 819 3260 οἶὲρος,
831 3195 1028 3260 υποχωροιὶντι
1038 3196 1077 3261 τῷ
1089 3189 1162 3263 ἡλίῳ
1174 3192 1250 3250 κατὰ
1262 3194 1314 3265 τήν

167 3254 290 3325 θερινὴν
300 3256 410 3327 τροπὴν
422 3254 650 3327 ἔπιουρρεοντας.
686 3264 721 3313 cf.
735 3264 835 3313 Idelor.
848 3265 865 3314 I.
878 3282 902 3313 c.
916 3281 941 3329 p.
956 3265 989 3314 55
1001 3280 1059 3329 sqq.
1091 3266 1124 3314 rt
1139 3282 1200 3332 sqq.

253 3326 297 3382 lz'rl
311 3327 326 3358 *
343 3331 463 3379 Isidorus
481 3330 514 3379 de
532 3337 632 3381 natura
651 3348 738 3380 rerum
753 3332 893 3380 XXXVII:
915 3335 965 3381 ‘Ile
984 3334 1141 3382 nominibus
1159 3343 1311 3386 uentorum.

166 3398 347 3446 Ventorum
422 3399 579 3463 stringit,
604 3400 675 3448 unde
694 3405 723 3448 ct
740 3414 792 3448 non
812 3400 946 3448 immerito
963 3400 1067 3450 diaboli
1087 3402 1203 3452 formam
1218 3405 1312 3458 induit,

166 3466 231 3528 quia
250 3466 393 3529 inquitatis
412 3466 516 3531 frigora
534 3467 678 3530 gentilium
698 3467 781 3516 corda
800 3468 972 3532 constringit.
1015 3470 1187 3520 secundus
1265 3472 1312 3522 al·

166 3532 286 3582 tuuus.’
312 3533 362 3581 hoe
381 3540 521 3598 pratorum
541 3540 624 3599 caput
637 3535 689 3583 duo
703 3536 802 3583 incerti
815 3541 915 3599 poetae
934 3537 1059 3585 versibus
1072 3540 1311 3605 conscripserunt:

167 3618 190 3648 v.
206 3617 269 3665 pag.
284 3600 397 3665 :liliaqrp
414 3628 448 3636 —
460 3602 592 3666 Vegetius
605 3602 637 3650 de
652 3619 680 3650 rc
695 3603 867 3656 militariter
882 3603 1013 3653 Varronis
1028 3603 1106 3652 libris
1121 3606 1281 3668 navalibus)
1291 3608 1311 3654 λ’

166 3668 196 3717 8:
227 3670 357 3717 ‘Veteres
376 3674 466 3718 autem
488 3671 565 3719 iuxta
588 3670 749 3733 positionem
769 3671 911 3719 cardinum
936 3677 1040 3720 tantum
1065 3678 1194 3735 quattuor
1217 3682 1313 3723 uentos

166 3735 335 3800 principales
355 3752 371 3784 a
390 3737 506 3801 siugulis
526 3736 598 3786 caeli
622 3738 746 3801 partibus
769 3739 836 3786 flare
856 3738 1018 3787 credebaut:
1055 3739 1102 3788 aed
1127 3744 1314 3805 experimento

167 3806 303 3868 posterior
316 3808 395 3853 uetus
408 3804 551 3854 duodecim
565 3805 777 3869 comprehendit.
798 3806 891 3855 Irorum
904 3807 1040 3856 uocabula
1052 3807 1086 3855 nd
1099 3809 1314 3860 submouendam

166 3872 365 3920 (iubilationem
388 3886 442 3920 nou
470 3872 555 3921 solum
580 3875 690 3922 Graeca
715 3874 762 3923 sod
792 3875 875 3922 ctiam
894 3875 997 3923 Latina
1020 3876 1195 3939 protulimus,
1223 3879 1263 3928 ita
1284 3886 1313 3927 ut

255 4053 264 4102 l
280 4042 410 4117 agitatos
428 4045 451 4098 B
467 4037 479 4122 Η
496 4045 622 4120 pertitus
633 4050 657 4101 A
669 4063 762 4120 pronas
773 4065 844 4103 sarrs
856 4049 882 4102 Β
898 4041 911 4125 Η
926 4046 1012 4106 Ilroc
1022 4046 1112 4121 enim]
1123 4047 1208 4125 quod
1222 4051 1312 4107 etiam

170 4131 192 4184 Β
207 4122 220 4207 Η
238 4136 268 4184 et
287 4146 339 4184 om.
360 4124 396 4183 13¹
414 4123 426 4204 Η
443 4126 522 4185 adab
543 4126 576 4185 B¹
598 4129 684 4188 asab
702 4124 740 4186 13²
756 4124 769 4209 Η
785 4128 920 4188 orribusB
935 4127 948 4210 Η
963 4143 980 4193 3
995 4131 1102 4190 brrun's
1119 4135 1142 4187 Β
1157 4128 1170 4211 Η
1188 4133 1311 4192 flauello

169 4215 192 4268 Β
206 4211 219 4292 Η
236 4210 317 4290 quod
333 4209 368 4268 ΒΙ
386 4207 399 4290 Η
415 4213 573 4288 abigentes
583 4217 613 4284 Ἠ.
624 4214 782 4289 alligantes
795 4215 859 4294 ΗΑ
875 4210 887 4297 Η
903 4221 1156 4276 toourouemusA
1171 4213 1184 4298 Η
1202 4219 1311 4279 socul-

165 4299 240 4353 tiore
263 4298 287 4350 B
307 4293 320 4375 Η
341 4297 411 4356 fiad
435 4317 472 4356 ex
494 4294 528 4352 ΒΙ
550 4307 581 4354 ut
600 4319 637 4356 ex
655 4297 694 4355 [3²
716 4294 729 4379 Η
750 4306 764 4359 7
786 4302 910 4359 sortitus
928 4311 974 4360 cst
991 4306 1017 4359 B
1030 4301 1076 4377 ΗΘ
1100 4321 1136 4359 eo
1152 4322 1208 4360 ουι.
1228 4307 1254 4360 Β
1268 4302 1312 4384 Η9

163 4382 351 4460 septentriou
366 4387 390 4438 A
408 4386 594 4462 septentriou
610 4386 634 4440 Β
648 4381 661 4467 Η
679 4394 711 4445 10
726 4384 809 4442 sicud
827 4391 854 4445 B
