2964 5002
495 379 523 418 r.
539 374 719 419 nrrscrrnnrr
735 375 975 419 connnsrnnrvs
1238 356 1299 418 525

165 529 262 589 multa
285 527 491 589 condonemus
512 546 590 609 quae
611 529 643 586 in
664 521 813 588 oratorem
837 528 921 586 nullo
941 526 1029 588 modo
1055 526 1179 600 cadant,
1203 537 1305 587 tamen
1406 591 1410 598 ,

166 641 228 691 tam
253 631 307 690 ille
330 651 442 710 expers
464 630 636 708 elegantiae
657 650 697 689 ne
719 632 751 688 in
773 629 955 689 carminibus
978 630 1100 710 quidem
1122 630 1178 688 fuit
1200 639 1233 688 ut
1253 631 1305 690 vel

165 733 244 793 haec
260 733 426 793 scriberet:
447 743 476 790 tu
489 751 602 808 quoqne,
618 738 666 809 qui
681 713 721 793 ..ζ
737 751 902 808 expressum
916 737 1002 790 latino
1016 751 1103 792 uoce
1118 734 1305 790 Menandrum

165 842 194 895 in
209 839 328 894 medinm
345 839 422 894 nous
436 839 537 893 sedatis
550 839 696 893 uocibus
710 839 805 909 effers,
820 835 872 894 vel
887 854 948 894 non
964 836 1062 893 minus
1078 835 1189 912 frigide
1203 834 1304 914 proxi-

166 958 246 997 mum
271 959 393 998 versum
416 937 509 996 talem
533 936 665 997 faceret:
697 941 826 1012 quiddam
845 955 920 995 come
940 942 1088 1012 loquens
1111 947 1192 1012 ulqne
1213 943 1305 995 omnia

167 1044 259 1099 dulcia
279 1045 411 1100 dicens.
431 1042 489 1099 ·Et
509 1039 573 1099 illic
595 1039 717 1120 quidem
740 1041 798 1099 etsi
823 1039 898 1097 nibil
912 1040 988 1098 'vitii
1009 1039 1061 1098 rel
1082 1038 1304 1098 Valckenarius

167 1143 198 1201 in
212 1142 371 1202 Theocriti
386 1141 536 1203 Adouiaz.
559 1163 588 1222 p.
606 1152 659 1206 330
680 1142 732 1200 vel
748 1141 921 1200 Meinelrius
942 1142 1070 1219 praefat.
1090 1141 1250 1200 Menandri
1274 1161 1304 1219 p.

168 1257 293 1304 xxxvn
309 1245 457 1325 suspicati
471 1253 555 1316 sunt,
569 1263 681 1329 ¹verum
696 1264 765 1302 raro
781 1244 920 1324 exemplo
938 1243 1080 1303 Bartlrius
1095 1242 1173 1303 vidit
1186 1243 1305 1302 Adver-

169 1348 315 1407 sariorum
329 1354 484 1423 xxx1v‚7
504 1351 606 1405 sedatis
620 1352 765 1405 motibus
784 1345 971 1405 substituens
987 1366 1041 1424 pro
1063 1349 1165 1404 sedetis
1185 1349 1306 1418 noellae,

169 1450 250 1530 quod
267 1470 306 1509 ne
322 1436 377 1528 per
398 1448 572 1530 sequidem
592 1457 640 1507 sat
655 1427 843 1507 commodum
858 1447 1045 1507 intellectum
1066 1448 1168 1507 habet.
1205 1448 1306 1506 Motus

170 1554 249 1611 enim
265 1553 358 1611 animi
372 1552 402 1611 h.
419 1571 446 1610 e.
462 1552 676 1610 concitatiores
692 1561 784 1631 atque
799 1534 877 1609 adeo
894 1549 1080 1610 sublimiores
1096 1551 1222 1609 affectus
1239 1569 1306 1608 cnm

170 1655 321 1731 gravitate
344 1653 513 1732 descriptos
533 1653 607 1713 satis
629 1663 748 1712 constat
768 1652 946 1712 a'Perentio
965 1653 1024 1711 iarn
1047 1661 1168 1712 veteres
1186 1636 1306 1711 criticos

171 1755 373 1830 abiudicassc,
388 1748 453 1832 ἤθη
467 1755 566 1834 potius
585 1756 631 1814 illi
653 1775 743 1835 quarn
758 1746 843 1831 πάθη
862 1754 1050 1814 tribuentes:
1075 1755 1113 1814 de
1136 1774 1196 1835 quo
1212 1764 1244 1814 et
1261 1755 1305 1813 lu·

172 1858 294 1919 culenta
308 1866 426 1918 sunt-et
441 1866 513 1917 nota
531 1857 669 1917 omnibus
684 1859 830 1918 Varronis
850 1859 1023 1917 testimonia
1038 1856 1119 1937 apud
1136 1856 1307 1916 Charisium

170 1980 198 2039 p.
217 1971 270 2024 215
286 1970 317 2020 ct
330 1960 462 2020 Nonium
478 1982 507 2039 p.
525 1969 585 2025 374.
616 1960 796 2040 Eodemque
810 1960 928 2040 pridem
944 1960 1132 2019 intellectum
1147 1970 1194 2020 est
1208 1960 1307 2019 Hora-

171 2063 243 2121 tium
260 2072 418 2142 spectare‚
437 2084 504 2123 curn
525 2068 688 2138 grauitatem
704 2062 822 2122 laudari
843 2064 874 2121 in
890 2063 1036 2135 Caecilio,
1052 2064 1084 2121 in
1097 2063 1243 2123 Terentio
1258 2084 1307 2121 ur-

171 2173 220 2223 tem
248 2165 376 2224 exclusa
396 2166 545 2243 gravitate
571 2165 763 2242 significavit.
809 2164 866 2223 His
889 2167 981 2241 igitur
1003 2165 1166 2225 Terentius
1186 2159 1307 2238 πάθεσι,

172 2286 249 2349 quae
268 2286 287 2326 a
301 2266 470 2327 Menandro
486 2267 607 2349 quidem
622 2267 745 2325 minime
759 2265 861 2325 aliena
876 2266 1007 2337 fuerunt,
1026 2287 1086 2324 non
1103 2287 1171 2326 esse
1187 2267 1245 2327 nisi
1260 2287 1307 2326 se·

172 2368 250 2428 datis
265 2369 295 2429 h.
311 2390 339 2430 e.
355 2371 519 2429 attenuatis
537 2378 567 2431 et
584 2369 622 2427 ad
639 2371 772 2450 aliquam
787 2368 987 2427 humilitatem
1006 2368 1159 2446 depressis
1175 2389 1246 2427 usus
1262 2369 1306 2428 di·

174 2471 258 2531 citnr.
298 2471 411 2532 Contra
426 2475 534 2530 sedans
558 2475 691 2539 moribus,
715 2470 797 2553 quod
819 2471 877 2530 fuit
896 2472 945 2529 cui
973 2472 1003 2527 in
1027 2478 1158 2527 mentem
1180 2472 1308 2546 veniret,

172 2577 288 2634 ratione
304 2575 424 2633 omnino
445 2582 543 2646 caret,
564 2594 630 2633 cum
650 2564 683 2632 τό
698 2565 811 2649 ἠθικὸν
829 2582 936 2652 suapte
952 2581 1060 2631 natura
1076 2571 1145 2630 lene
1161 2574 1199 2630 sit
1216 2582 1246 2630 et
1260 2592 1308 2631 se·

174 2676 286 2740 datum.
324 2678 433 2759 Itaque
457 2678 487 2735 in
504 2676 769 2755 eandempartem
789 2678 873 2736 illam
888 2672 1147 2753 interpretandum
1163 2684 1210 2733 est
1226 2674 1307 2755 quod

173 2782 339 2837 dimirlictum
355 2781 542 2837 Menandrum
565 2779 596 2838 C.
615 2777 731 2838 Caesar
751 2780 930 2838 Terent-ium
958 2777 1036 2836 dixit
1061 2779 1105 2836 eis
1130 2778 1182 2858 qui
1202 2775 1307 2836 subse·

173 2891 305 2960 quuntur
325 2879 480 2953 versibus,
503 2880 533 2938 h.
557 2901 583 2939 c.
607 2881 806 2942 Menandrico
833 2884 906 2939 artis
927 2882 956 2938 in
983 2879 1096 2959 duplici
1122 2899 1251 2958 genere,
1278 2887 1310 2938 et

175 2977 273 3042 elhico
295 2992 325 3041 et
346 2983 519 3062 pathetico‚
535 2985 719 3063 conspicuae
742 2982 896 3043 dimidiam
915 2991 1031 3041 tanturn
1046 2993 1164 3062 partem
1181 2982 1307 3042 adsecu-

174 3094 250 3144 tum:
281 3086 369 3144 aliter
390 3096 481 3167 atque
496 3086 652 3146 Meinelrio
677 3088 774 3146 visum
798 3096 845 3145 est
864 3106 892 3165 p.
917 3097 1026 3144 xxxvl
1047 3086 1078 3143 in
1102 3086 1308 3147 adnotatione.

176 3185 317 3247 Ceterum
335 3188 416 3268 quod
432 3188 511 3268 apud
531 3189 689 3248 Schottum
705 3187 725 3247 l.
743 3208 767 3248 s.
786 3210 809 3248 s.
825 3190 956 3268 positum
978 3187 1097 3266 reperio
1112 3193 1212 3246 sellulis
1233 3195 1309 3247 uren-

175 3292 233 3362 bus,
250 3309 310 3349 nec
326 3291 414 3369 capio
429 3310 486 3351 nec
501 3290 583 3350 unde
599 3293 726 3350 ascitum
743 3293 783 3350 sit
799 3293 938 3369 comperi.

258 3392 335 3470 Peg.
352 3392 407 3465 ³4,
423 3392 443 3452 6
464 3396 606 3469 quiddam,
621 3414 675 3472 pro
692 3414 752 3474 quo
768 3393 849 3473 quod
864 3395 894 3451 in
914 3395 1023 3452 ceteris
1038 3403 1160 3471 praeter
1175 3403 1310 3453 veterem

176 3495 347 3556 Parisinum
369 3495 454 3554 libris
473 3504 574 3555 exstat
589 3500 742 3571 quidquod
757 3496 808 3555 vel
826 3500 957 3572 quidquid
976 3516 1014 3555 ne
1029 3496 1168 3572 intellegi
1185 3496 1308 3577 quidem

176 3607 287 3677 potest,
305 3599 473 3656 rectissimo
489 3598 602 3657 iudicio
617 3598 676 3656 iarn
692 3599 838 3658 Pithoeus
854 3600 989 3677 suscepit
1004 3600 1262 3678 Epigrammatum
1280 3605 1312 3658 et

176 3709 349 3780 poematum
364 3709 501 3758 veterum
524 3721 555 3779 p.
570 3709 604 3761 42
629 3699 677 3761 ed.
696 3701 796 3778 Lugd.
815 3721 843 3762 a.
866 3710 946 3776 1596,
970 3694 1112 3780 probavit
1132 3711 1202 3780 post
1217 3702 1309 3760 Nico-

176 3802 256 3862 laum
272 3803 433 3861 llcinsium
455 3802 485 3859 in
504 3800 595 3862 Ovid.
611 3803 705 3861 'l‘rist
728 3814 765 3874 V,
792 3813 820 3876 1,
848 3814 880 3866 18
898 3804 1087 3862 Burmannus
1105 3804 1311 3882 Anthologiae

176 3906 237 3965 vol.
254 3917 282 3978 1,
297 3925 326 3984 p.
344 3912 411 3977 410,
433 3906 508 3962 miro
526 3905 651 3963 consilio
666 3915 698 3964 ut
712 3915 757 3964 tot
774 3906 835 3964 alia
853 3915 923 3964 ante
939 3927 972 3966 se
987 3916 1071 3965 recte
1089 3906 1213 3965 inventa
1229 3924 1311 3984 spre-

178 4009 221 4066 rit
234 4008 378 4088 Meyerus
394 4005 518 4068 Anthol.
542 4011 638 4085 epigr.
659 4016 702 4069 64.
736 4043 771 4052 —
796 4019 878 4082 utque
893 4028 947 4087 pro
971 4027 1005 4066 uc
1023 4007 1231 4088 reponendum
1253 4009 1313 4066 iam

178 4108 369 4169 Burmannus
383 4109 511 4168 viderat.

261 4209 380 4270 Ibidem
392 4220 461 4290 post
477 4215 589 4286 loquens
602 4230 710 4271 rocem
726 4213 834 4270 misere
849 4211 998 4288 languens
1013 4217 1105 4270 dorna
1119 4214 1312 4292 participium

180 4314 238 4372 iarn
257 4313 413 4373 Ciceronis
436 4312 600 4373 editoribus
619 4313 798 4392 quibusdam
823 4315 1040 4392 antiquioribus
1062 4315 1222 4373 offensioni
1245 4317 1313 4388 fuir,

180 4415 328 4497 aquibus
351 4420 476 4490 linqums
496 4395 640 4496 scriptum
660 4419 802 4477 invenio:
832 4415 913 4498 quod
939 4415 1020 4476 unde
1045 4419 1172 4495 petitum
1198 4418 1237 4476 sit
1261 4417 1312 4477 vel
