2964 5002
547 390 590 433 ns
613 387 701 431 suso
725 387 929 439 aousuoavu
1250 367 1309 430 155

168 534 201 603 fit
231 546 265 602 et
291 535 464 603 abstinero
492 536 640 602 homines
668 536 822 601 alitibus
849 543 986 621 oportet.
1039 550 1207 599 raorssrr
1230 551 1310 600 mss
1401 524 1406 535 ’

167 638 256 703 festis
279 640 460 720 contrarii,
479 639 513 703 id
536 639 676 703 estsine
698 638 868 722 religione.
915 652 1016 701 susat
1036 637 1227 702 tantundem
1255 639 1312 702 otii

167 749 197 803 et
209 738 383 825 religionis
400 750 489 805 sunt.
522 757 603 804 arat
621 756 701 803 mss
720 739 891 825 (postridie
906 738 1074 804 Kalendas
1088 739 1200 803 Nonas
1215 739 1311 821 Idus)

167 849 253 905 sunt:
292 843 406 926 quiet
434 858 623 907 connvuss
648 851 816 906 uocantur.
856 857 1049 906 Slnuasnns
1074 843 1106 904 in
1130 841 1248 925 quibus
1271 843 1313 906 si·
1352 870 1355 876 ·

160 1082 205 1151 ¹ins
228 1083 306 1133 latur
330 1082 360 1132 id
383 1087 426 1133 est
449 1083 574 1134 dicitur.’
615 1085 736 1134 Isidorus
760 1084 847 1149 origg.
871 1085 896 1133 V
918 1081 965 1147 30,
993 1082 1038 1132 12:
1063 1084 1125 1137 ,Ἧι
1147 1082 1190 1132 bis
1214 1082 1312 1148 (fertis)

166 1151 227 1201 testi
252 1150 315 1200 dies
332 1150 479 1200 'bominum
503 1168 588 1202 cansa
611 1153 730 1202 instituti
755 1157 828 1211 sunt,
858 1152 953 1201 feriati
978 1156 1069 1201 autem
1091 1152 1244 1200 diuinorum
1268 1168 1312 1201 sa·

166 1216 299 1268 crorum.'
329 1246 362 1254 —
389 1220 476 1269 Varro
503 1220 535 1268 L.
563 1221 594 1269 L.
622 1221 660 1270 Vl
690 1220 738 1268 12:
780 1219 836 1268 ‘Ad
862 1220 1001 1269 naturalia
1028 1219 1187 1268 discrimina
1215 1220 1312 1270 ciuilia

165 1286 305 1339 uocabula
329 1286 436 1336 diorum
463 1293 648 1338 accesserunt.
688 1288 778 1336 dicam
808 1288 882 1352 prius
913 1288 958 1352 qui
988 1287 1099 1336 deorum
1125 1302 1225 1350 carisa,
1256 1293 1312 1337 tum

165 1354 208 1419 qui
231 1352 375 1404 hominnm
398 1355 454 1405 sint
476 1356 596 1406 instituti
620 1353 700 1404 dies'
735 1355 781 1403 27:
822 1355 877 1403 ‘Dc
904 1354 947 1403 his
972 1354 1068 1404 diebus
1093 1370 1164 1403 nunc
1187 1355 1243 1403 iam
1267 1356 1313 1419 qni

165 1422 305 1472 bominum
324 1438 409 1474 carisa
428 1424 572 1485 constituti
593 1422 755 1472 uideamus)
791 1421 824 1470 to
842 1437 900 1487 sqq.
919 1438 974 1487 sq.:
1011 1423 1088 1470 ‘Dies
1106 1423 1237 1486 postridie
1256 1423 1312 1472 Ka-

166 1489 263 1539 lendas
286 1490 382 1540 Nonas
405 1490 470 1539 Idus
493 1491 626 1555 appellati
651 1491 718 1552 atri,
751 1490 820 1554 quod
842 1506 892 1554 per
915 1505 961 1538 eos
986 1489 1045 1540 dies
1067 1490 1131 1539 noui
1155 1487 1236 1551 (imaro
1260 1490 1311 1539 ‘ni-

166 1556 202 1606 bil
230 1557 309 1607 noui'
334 1573 351 1606 e
381 1563 447 1608 coni.
479 1558 600 1623 Tamrebi)
633 1559 797 1622 inciperent.
842 1559 901 1607 dios
934 1558 998 1606 fasti
1031 1573 1080 1621 por
1111 1573 1176 1621 quos
1204 1562 1311 1621 praeto-

166 1625 239 1675 ribus
263 1626 358 1675 omuia
380 1625 467 1674 uerba
490 1626 548 1674 sinc
574 1626 683 1690 prisculo
702 1625 769 1674 lieet
788 1626 849 1674 sari.
886 1623 1040 1674 comitiales
1059 1625 1139 1686 dicti,
1167 1626 1237 1689 quod
1256 1631 1312 1673 tum

166 1702 193 1741 nt
211 1694 303 1743 coiret
321 1693 437 1758 populus
456 1695 633 1744 constitutum
653 1693 748 1743 estad
767 1693 926 1755 suffragium
945 1692 1101 1753 ferendum,
1126 1693 1222 1742 nisisi
1241 1708 1311 1757 qliae

167 1760 255 1810 leriae
275 1767 429 1826 conceptae
449 1768 550 1823 essent,
569 1768 679 1826 propter
698 1776 765 1825 quas
784 1777 837 1810 non
855 1760 965 1822 liceret,
984 1766 1013 1809 ut
1032 1761 1192 1825 compitalia
1212 1766 1239 1810 et
1257 1762 1310 1810 La·

166 1828 251 1877 tinae.
289 1830 422 1878 contrarii
441 1829 535 1878 horum
554 1833 687 1879 uocantur
710 1829 769 1878 dies
788 1829 905 1885 nefasti,
930 1845 978 1892 per
997 1844 1063 1893 quos
1081 1829 1141 1878 dies
1159 1828 1238 1878 nefas
1258 1828 1313 1878 lari

167 1901 337 1960 praetorem:
362 1897 405 1946 Do
418 1897 481 1947 dico
495 1896 607 1957 addic03
638 1897 732 1960 itaquo
751 1912 805 1945 non
818 1902 908 1960 potest
927 1897 986 1960 agi:
1006 1912 1120 1946 neeesse
1134 1897 1205 1945 enim
1220 1896 1312 1961 aliquo

169 1979 258 2012 eorum
282 1964 324 2013 uti
343 1964 441 2025 uerbo,
467 1981 527 2014 cum
547 1964 608 2029 lege
628 1964 692 2029 quid
711 1965 862 2029 peragitur.
900 1964 970 2028 qrrod
992 1965 1016 2011 si
1034 1970 1090 2012 tum
1110 1965 1265 2029 imprudens
1284 1964 1313 2013 id

167 2031 279 2079 uerbum
300 2031 393 2080 emisit
411 2048 445 2080 uc
465 2047 545 2096 quom
563 2032 736 2093 manumisit,
756 2031 803 2080 ille
822 2030 909 2081 nihilo
926 2032 1016 2079 minus
1030 2037 1072 2080 cst
1084 2031 1156 2080 libor
1168 2031 1217 2081 sed
1228 2032 1312 2092 uitio,

168 2101 195 2146 nt
212 2098 395 2159 magistratus
413 2100 483 2148 uitio
502 2106 611 2149 creatus
630 2099 715 2148 nihilo
734 2100 825 2148 secius
844 2099 1032 2163 rtragistratus.
1068 2105 1179 2163 praetor
1197 2101 1313 2163 quitum

170 2165 240 2215 istim
254 2172 307 2227 est,
328 2167 352 2215 si
370 2167 528 2231 imprudens
540 2168 617 2228 iecit,
638 2166 774 2232 piaculari
791 2166 882 2216 hostis
901 2167 979 2215 facta
998 2167 1132 2230 piabitur,
1152 2168 1175 2215 si
1194 2166 1313 2231 prudens

171 2231 260 2296 sirit.
277 2233 312 2294 Q.
337 2234 446 2284 Mucius
465 2234 626 2300 ambigebat
649 2251 709 2284 cnm
729 2234 836 2299 expiari
855 2239 884 2282 nt
903 2234 1014 2298 impium
1032 2250 1085 2283 non
1104 2250 1192 2298 posse.
1229 2236 1312 2283 inter·

171 2301 219 2349 cisi
238 2300 301 2350 dies
319 2308 382 2350 sunt
399 2317 526 2367 perquos
543 2318 624 2352 mano
644 2309 670 2351 et
688 2303 798 2367 uesperi
818 2308 860 2350 est
872 2302 965 2362 nefus,
991 2301 1081 2350 medio
1100 2308 1221 2366 tompore
1241 2303 1313 2350 inter

171 2367 287 2417 hostiam
311 2383 421 2418 caesam
448 2374 475 2418 et
498 2376 560 2419 exta
579 2376 705 2434 porrecta
724 2370 781 2431 sas3
805 2386 821 2417 a
845 2385 897 2433 qno
923 2368 993 2434 quod
1016 2370 1059 2418 sas
1080 2375 1135 2418 tuns
1155 2369 1312 2428 intercedit,

172 2441 215 2484 ant
227 2451 262 2484 eo
274 2441 319 2485 est
332 2437 492 2486 interclaum
506 2439 596 2498 nefas,
609 2437 779 2486 intercisum.
804 2437 864 2486 dies
878 2439 923 2501 qni
935 2442 1050 2486 uocatur
1062 2439 1116 2485 sic:
1135 2436 1251 2497 Quando
1265 2452 1313 2484 rex

172 2504 326 2552 comitianit
339 2504 396 2563 sas,
419 2505 443 2553 is
461 2505 550 2555 dictus
563 2506 598 2555 ab
613 2522 644 2553 co
658 2506 727 2570 quod
741 2505 829 2554 codic
842 2521 890 2554 rer
908 2504 1088 2554 sacrificiolus
1106 2504 1158 2553 itat
1176 2503 1211 2552 ad
1230 2504 1311 2552 comi-

171 2571 250 2633 tium,
269 2570 306 2619 ad
325 2572 394 2635 quod
410 2579 516 2636 tempus
535 2580 576 2622 cst
592 2574 686 2633 nolas,
707 2573 741 2622 ab
760 2589 791 2621 co
810 2574 866 2628 fas;
891 2574 984 2636 itaque
1004 2578 1064 2636 post
1083 2572 1109 2620 id
1128 2578 1234 2634 tempus
1250 2570 1311 2633 logo

172 2645 259 2687 actum
272 2655 368 2704 saepe.
387 2640 447 2688 dics
461 2640 507 2704 qui
519 2645 645 2689 uocatur:
659 2639 774 2701 Qitando
787 2645 904 2688 stercum
918 2640 1037 2688 delatum
1051 2641 1107 2701 sas,
1123 2640 1157 2688 ab
1172 2655 1203 2687 eo
1217 2637 1311 2702 appol-

171 2705 240 2754 latus
260 2707 331 2770 qraerd
357 2723 389 2756 eo
412 2708 456 2756 die
477 2724 509 2757 ex
528 2708 596 2757 aedo
615 2709 718 2756 Vestae
737 2713 841 2756 stercus
860 2709 995 2756 errerritur
1014 2715 1041 2756 ot
1059 2724 1106 2771 per
1126 2706 1312 2770 Capitolinum

172 2773 269 2822 eliuom
288 2775 317 2823 in
336 2773 426 2824 locum
445 2775 566 2824 defertur
590 2783 701 2824 eertum.
740 2776 799 2824 {lies
816 2775 947 2823 Alliensis
967 2777 1001 2822 ab
1019 2775 1092 2824 Allia
1112 2776 1193 2823 tlrmio
1213 2774 1312 2822 dictus.

171 2857 231 2890 nsm
251 2842 290 2891 ibi
311 2843 437 2892 exercitu
459 2849 549 2892 nostro
574 2844 669 2908 stipato
694 2842 767 2891 Gerlli
791 2843 957 2891 obsederunt
981 2841 1111 2891 llomam.‘
1153 2842 1310 2892 Macrobius

171 2917 221 2957 sat.
246 2910 259 2958 1
284 2907 330 2968 lo,
353 2911 369 2958 ‘2
393 2926 464 2974 sqq.:
500 2911 601 2959 ‘Numa
625 2917 654 2959 ut
677 2912 705 2958 in
729 2927 836 2959 menses
861 2926 974 2970 annum,
1000 2911 1039 2958 ita
1063 2912 1090 2959 in
1114 2911 1173 2959 dios
1192 2926 1312 2959 mensem

172 2992 303 3041 quemquo
327 2978 469 3027 distribuit
492 2978 604 3042 diesque
627 2994 721 3026 omncs
745 2983 792 3027 aut
816 2979 903 3026 festos
927 2984 974 3025 aut
997 2979 1134 3040 profestos
1158 2984 1205 3026 ortt
1229 2979 1312 3026 inter·

173 3044 241 3093 risos
254 3047 378 3094 uocauit.
404 3045 539 3095 festidcis
558 3046 644 3095 dicati
663 3053 738 3094 sterit:
759 3046 873 3109 profesti
892 3045 1046 3094 bominibus
1065 3046 1098 3094 ob
1119 3046 1313 3094 administran-

172 3111 230 3160 dam
249 3129 307 3161 rant
327 3115 466 3178 priuatam
483 3113 677 3178 publicamque
697 3114 836 3162 concessi:
857 3113 980 3161 intercisi
999 3113 1108 3161 deorum
1122 3113 1313 3177 bominurmpro

172 3196 326 3230 conrmunes
350 3187 423 3229 sunt.
465 3181 551 3231 sestis.
569 3182 663 3229 insunt
686 3181 825 3230 sacrificia
848 3179 947 3244 epulae
971 3180 1029 3228 ludi
1050 3182 1152 3228 seriae:
1184 3182 1314 3245 protestis

173 3248 236 3296 lasti
254 3247 412 3297 comitiales
432 3249 627 3313 conperendini
645 3250 712 3297 stati
732 3247 896 3313 praeliares:
918 3248 1041 3295 intercisi
1062 3249 1088 3296 in
1104 3265 1132 3297 se
1147 3250 1242 3297 nonin
1257 3249 1314 3298 alia

173 3314 342 3364 diuiduntur:
369 3315 477 3365 illorum
501 3317 573 3365 enim
597 3316 701 3365 dierum
721 3315 883 3379 quibusdam
908 3314 982 3363 boris
1002 3316 1046 3362 tas
1069 3321 1125 3377 cst,
1151 3317 1314 3379 quibusdam

174 3383 214 3431 sas
231 3400 286 3432 nou
306 3389 349 3432 est
368 3384 411 3431 ius
430 3383 530 3432 dicere.
568 3400 630 3432 nam
651 3400 709 3432 euni
728 3383 820 3432 hostia
839 3382 973 3440 caeditur,
995 3383 1048 3430 sari
1068 3384 1147 3431 nefas
1168 3390 1221 3432 est:
1243 3386 1315 3433 inter

174 3466 254 3499 caesa
283 3458 312 3499 et
341 3455 468 3514 porrecta
497 3452 552 3500 sari
581 3450 659 3499 licet:
697 3466 787 3499 rursus
816 3467 876 3498 cum
906 3450 1030 3498 adoletur
1053 3467 1107 3499 non
1134 3450 1209 3500 licet.
1250 3467 1314 3514 ergo

173 3517 203 3566 de
226 3519 365 3569 diuisione
390 3520 520 3567 festorum
544 3524 571 3567 et
594 3520 775 3582 profestorum
798 3518 902 3566 dierum
931 3517 1014 3566 latius
1041 3519 1230 3568 disserendum
1254 3517 1314 3568 est.’

176 3584 203 3634 13
220 3602 294 3650 sqq.:
327 3585 407 3634 ‘haec
431 3586 464 3634 do
488 3586 567 3635 iestis
591 3593 619 3634 et
641 3587 687 3650 qui
712 3587 957 3644 inde-nascuntur,
978 3588 1023 3649 qni
1043 3587 1127 3635 etiam
1146 3588 1251 3636 arefasti
1270 3603 1315 3634 ιιο-

174 3662 276 3702 cautnr.
312 3670 385 3702 nunc
410 3654 443 3701 de
467 3654 598 3718 profestis
622 3660 649 3701 ct
673 3654 716 3716 qui
742 3670 774 3701 ex
799 3653 841 3700 bis
867 3655 1014 3717 procedant
1040 3654 1193 3718 loquamur,
1223 3656 1249 3702 id
1274 3660 1316 3701 est

174 3721 250 3769 lastis
275 3721 464 3770 comitialibus
488 3721 697 3785 conperendinis
721 3722 802 3769 statis
821 3721 1011 3785 praeliaribus.
1050 3722 1114 3770 fasti
1138 3729 1201 3770 sunt
1220 3722 1316 3785 qtrilms

175 3786 237 3837 licet
257 3790 311 3838 sari
336 3790 456 3853 praetori
481 3790 536 3837 tria
559 3788 644 3836 uerba
669 3788 815 3838 sollemnia
838 3790 870 3837 do
894 3790 956 3838 dico
980 3790 1091 3849 addico,
1117 3789 1159 3838 bis
1183 3789 1316 3838 contrarii

174 3866 232 3904 stunt
251 3857 371 3905 nefasti:
393 3856 548 3905 comitiales
567 3861 629 3903 srrnt
648 3856 745 3919 ‹prilms
766 3873 824 3905 eum
845 3857 944 3921 populo
959 3858 1004 3920 rigi
1019 3858 1097 3915 lieet3
1118 3863 1145 3905 ct
1164 3858 1244 3906 fastis
1258 3855 1315 3919 qui-

173 3922 229 3972 dem
255 3925 318 3987 lege
343 3925 389 3987 agi
413 3930 517 3987 potest,
544 3939 604 3972 etim
627 3925 726 3988 populo
751 3940 804 3972 uon
828 3931 932 3988 potest,
962 3924 1149 3974 comitialibus
1173 3932 1315 3985 utrumque

256 4158 266 4208 1
282 4144 447 4203 absterrere
464 4137 500 4199 Β1
518 4139 531 4221 ll
547 4145 675 4222 profasti
689 4141 726 4201 13²
743 4141 756 4224 Η
771 4144 836 4202 dies
852 4166 905 4202 om.
924 4146 1009 4201 BGM
1023 4141 1035 4225 ll
1051 4142 1148 4204 tt'csti
1165 4137 1200 4197 13¹
1218 4138 1231 4217 ,lj
1247 4159 1314 4197 con-

174 4233 260 4290 traria
276 4235 301 4287 A
318 4225 331 4310 Η
347 4227 506 4303 relegione
523 4227 584 4287 Α’(ΙΙ
602 4224 614 4309 ll
630 4229 793 4287 festinante
816 4229 935 4287 uude&
954 4224 992 4284 Β1
1014 4231 1083 4287 festi
1103 4224 1248 4284 tantunde
1264 4225 1317 4281 otii

174 4314 244 4374 &8¹²
261 4312 273 4394 ΙΙ
290 4312 481 4372 tantumdem
498 4319 519 4372 G
537 4309 549 4394 ll
565 4325 581 4376 3
596 4315 760 4388 relegionis
776 4311 839 4371 Ab}
855 4309 867 4394 ll
883 4313 1029 4390 postridie
1041 4310 1200 4371 Kalendas
1212 4311 1317 4367 Nonas

173 4400 239 4460 ldns
257 4403 364 4459 addidi
377 4393 391 4477 ll
407 4406 423 4456 i
439 4400 601 4457 cornmunis
621 4396 666 4456 Μ’3
682 4393 696 4479 ΙΙ
712 4398 793 4457 siden
814 4420 850 4457 ss
869 4393 905 4454 B¹
921 4394 1071 4456 Siderelis
1085 4400 1109 4455 G
