2964 5002
649 379 808 427 cnrrrr
848 428 855 441 ,
1245 316 1307 431 aba

164 536 347 599 scholiastae
360 535 457 597 vitam
470 536 560 614 poni,
579 535 669 614 sequi
683 534 913 596 Suetoniananr.
944 532 1050 614 itaque
1070 544 1308 597 cousentaneum

164 647 224 715 est,
247 638 281 697 iu
303 638 409 719 capite
431 636 514 696 ritae
533 646 657 716 praeter
677 636 800 697 nomina
824 642 953 714 poetae,
977 654 1058 715 quae
1080 635 1112 695 in
1135 636 1308 717 Montepes·

163 739 271 803 aniano
287 737 370 807 libro
388 738 447 816 (tt)
459 756 501 799 ex
511 736 699 819 Hieronymo
715 734 820 797 addita
835 745 921 812 snut,
937 738 1065 799 omissas
1078 756 1147 799 esse
1162 757 1182 796 a
1197 738 1308 799 scholi·

165 850 229 903 asta
241 848 413 921 temporum
423 839 608 913 notationes,
620 859 697 920 quas
708 837 800 920 plene
811 848 990 919 persecutus
1004 848 1086 899 esset
1097 840 1128 901 in
1138 841 1205 900 vita
1214 840 1308 920 priori

164 941 231 1003 loco
243 940 358 1022 posita.
385 942 472 1004 cuius
483 942 613 1021 scriptor
631 940 779 1003 Suetonio
795 950 903 1021 aperto
919 960 994 1001 usus
1013 948 1074 1015 ost,
1099 940 1155 1003 sed
1179 942 1224 1002 ita
1242 943 1308 1023 qui·

165 1043 248 1116 dean,
263 1051 301 1103 ut
313 1043 435 1124 patroni
446 1050 550 1123 partes
565 1051 672 1103 centra
686 1040 865 1113 Suetonium
878 1041 1111 1103 obtrectatorem
1122 1051 1204 1120 agat.
1227 1042 1310 1124 qnod

165 1154 198 1203 nt
216 1143 365 1225 prebrrm
379 1143 533 1205 Webarns
553 1151 624 1223 apte
646 1141 725 1204 inter
744 1163 778 1203 ae
799 1143 878 1205 baec
898 1144 1071 1224 conposuit:
1100 1143 1207 1205 Vacca
1220 1166 1248 1227 p.
1265 1152 1309 1216 st,

167 1253 290 1327 unqu
323 1250 473 1307 ecrmmiac
489 1250 676 1321 pentaetcrr'co
695 1255 757 1305 ueto
774 1290 781 1304 .
796 1291 804 1305 .
822 1291 829 1303 .
845 1248 973 1306 leuabat
991 1248 1112 1304 rccitntr'r
1126 1248 1153 1304 in
1173 1247 1310 1306 Neronem

163 1349 260 1421 meret
278 1356 432 1415 comnena
445 1356 472 1405 et
491 1363 529 1405 erc
545 1354 667 1420 tempore
688 1347 801 1421 Orphea
818 1352 952 1422 temptum
975 1351 1003 1406 ta
1018 1350 1259 1422 experimentum.
1276 1390 1310 1408 ..

165 1452 263 1525 attritu
292 1445 460 1509 Suetonius
480 1466 510 1526 p.
526 1459 578 1521 50,
597 1457 682 1528 seq:
710 1451 805 1522 prima
825 1451 926 1524 inpertit
944 1452 1176 1522 experimentum
1192 1451 1312 1538 Neronia

165 1552 292 1611 uadem
315 1552 397 1614 dedit.
437 1548 493 1611 sed
519 1568 581 1609 nou
609 1548 674 1615 solo
698 1548 845 1609 Suetonio
872 1568 941 1609 eum
966 1569 1051 1610 usnrn
1076 1567 1146 1610 esse
1172 1549 1310 1630 adparet,

166 1670 233 1711 curn
253 1650 307 1711 bic
330 1650 395 1713 illie
416 1650 509 1711 multo
527 1649 669 1731 pleniora
690 1649 807 1726 tradat,
828 1659 862 1710 ut
877 1670 945 1712 curn
961 1651 1103 1712 cautione
1118 1650 1311 1713 adhibendus
1423 1705 1428 1713 .

165 1753 220 1824 sit,
233 1751 325 1812 cuins
339 1752 521 1813 testimoniis
542 1752 607 1811 vita
623 1752 753 1813 Suetoni
768 1751 958 1831 suppleatur.
987 1762 1079 1834 atque
1097 1753 1197 1833 potuit
1219 1753 1312 1817 facile

168 1857 234 1917 eius
252 1853 385 1934 scriptor
402 1853 583 1934 antiquioris
607 1853 791 1915 scholiastae
812 1855 907 1913 vitam
929 1855 1121 1929 exscribere,
1155 1875 1222 1915 cunr
1243 1876 1312 1917 enni

168 1956 304 2017 vaccam
319 1972 387 2017 esse
402 1963 670 2017 commentatorem
680 1955 799 2017 Lucani
815 1955 948 2017 feliciter
964 1954 1141 2035 indagmum
1157 1958 1198 2019 sit
1208 1978 1227 2016 a
1237 1958 1311 2018 We·

169 2057 239 2118 bero
253 2057 277 2119 l.
293 2076 322 2117 c.
336 2077 368 2139 p.
390 2069 421 2121 15
429 2076 475 2138 sq.
503 2075 606 2137 neque
629 2055 706 2117 adeo
728 2056 832 2118 dubito
854 2056 989 2132 tabulas,
1009 2059 1122 2140 quibus
1138 2059 1221 2140 apud
1243 2080 1313 2121 euni

168 2158 289 2221 natales
300 2158 420 2221 Lucani
435 2168 640 2241 exornantur,¹
649 2178 689 2219 ex
700 2159 865 2241 antiquiori
877 2157 959 2220 lente
971 2168 1128 2241 repeter03
1140 2181 1312 2241 numquam

169 2261 274 2343 inepto
288 2259 411 2321 Lucani
424 2261 558 2323 cumina
571 2259 633 2319 iarn
648 2260 687 2321 ab
703 2260 883 2341 aequalibus
896 2259 1076 2340 praedicata
1091 2262 1152 2322 sint
1166 2260 1222 2340 (cl.
1234 2260 1311 2324 Sus·

168 2364 271 2427 tonius
285 2382 319 2442 p.
333 2371 383 2437 52,
398 2361 499 2442 tsq.),
514 2361 686 2423 luculenter
701 2361 782 2422 Stati
800 2362 994 2441 genethliaco
1008 2361 1193 2421 inlustratur.
1278 2372 1281 2379 ’

254 2462 361 2525 Vitam
382 2463 475 2541 igitur
494 2463 624 2524 Suetoni
641 2465 674 2525 in
695 2464 782 2524 initio
802 2463 970 2524 mutilatam
994 2481 1062 2523 esee
1084 2460 1225 2523 uidimus
1254 2483 1314 2525 neo

172 2567 269 2647 magis
290 2565 498 2642 integritatem
521 2584 606 2624 suam
627 2565 744 2627 relicuo
765 2586 835 2645 pars
858 2564 1001 2627 servavit.
1039 2565 1084 2624 sic
1104 2582 1213 2642 magno
1229 2563 1313 2624 hiato

172 2667 305 2748 iusignia
333 2674 405 2727 suut
428 2686 509 2746 qnae
534 2688 565 2746 p.
586 2678 633 2739 50,
659 2679 727 2746 esq-
749 2668 908 2747 leguntur,
927 2686 994 2726 curn
1015 2686 1076 2726 non
1099 2664 1233 2726 lrabeant
1254 2684 1314 2746 quo

172 2770 345 2831 referantur
358 2767 453 2829 rerba
476 2778 506 2826 ut
524 2771 703 2844 praefatione
726 2772 847 2844 qrrectarn
868 2789 895 2829 e.
913 2790 942 2850 q.
963 2789 988 2828 s.
1034 2767 1090 2829 sod
1114 2786 1196 2827 nunc
1221 2766 1314 2827 valde

174 2874 328 2953 paenitet,
355 2868 437 2952 quod
462 2870 483 2935 l.
512 2891 538 2932 c.
563 2880 633 2951 post
656 2874 785 2930 recitauit
809 2870 951 2929 lacunam
977 2869 1117 2949 signavi,
1141 2888 1222 2950 quae
1243 2877 1315 2929 ante

174 2972 205 3035 id
222 2972 352 3035 verbum
374 2971 538 3033 statuenda
554 2981 628 3035 erat.
666 2992 737 3032 narn
756 2992 817 3031 non
837 2970 918 3031 bene
940 2969 1026 3031 dieas
1044 2975 1124 3029 cinite
1143 2974 1242 3030 bellurn
1257 3014 1265 3030 .
1282 3013 1313 3033 ..

174 3080 313 3147 recitauit,
340 3094 408 3135 curu
432 3084 485 3135 aut
512 3079 593 3134 eluite
620 3078 717 3133 bellurn
737 3120 745 3134 .
767 3117 775 3135 .
799 3121 805 3133 .
829 3079 905 3150 epr'co
930 3077 1054 3131 carmine
1077 3076 1243 3148 perscripsit
1264 3081 1317 3132 aut

175 3179 354 3254 Pharsaliam
375 3181 500 3237 recitauit
529 3174 721 3236 scribendum
748 3176 796 3234 sit.
837 3173 920 3235 uude
945 3173 1106 3252 conligitur
1131 3179 1258 3235 recitauit
1276 3172 1316 3234 acl
1396 3206 1406 3229 0

178 3298 214 3341 ca
231 3269 398 3340 referenda
415 3297 499 3353 esse,
530 3276 639 3357 quibus
659 3277 840 3337 incolentem
864 3296 925 3357 qna
945 3277 1087 3337 Lucanus
1105 3275 1137 3335 in
1157 3274 1316 3337 recitando

176 3400 248 3442 usus
270 3386 319 3443 est
341 3376 549 3459 adrogantiam
575 3379 780 3457 castigaverat
800 3377 981 3439 Suetonius:
1017 3398 1144 3458 quorum
1169 3398 1252 3437 nunc
1270 3397 1316 3438 se·

178 3482 237 3543 loru
260 3482 434 3561 exemplam
454 3502 515 3561 qno
534 3500 603 3541 earn
624 3481 800 3541 inlustravit
822 3501 913 3561 super
936 3488 992 3540 est.
1027 3480 1100 3540 item
1119 3480 1223 3540 hiulca
1236 3487 1318 3556 sunt,

177 3584 261 3665 quod
275 3582 316 3644 ab
326 3583 468 3644 Ernestio
483 3582 673 3643 intellectum
685 3591 748 3657 ost,
762 3602 800 3641 ea
811 3602 891 3662 quae
906 3581 999 3662 paulo
1015 3592 1083 3662 post
1100 3589 1257 3641 secantur:
1274 3582 1320 3638 la'c

177 3690 249 3745 initio
266 3688 484 3755 adularentur,
511 3704 574 3743 cunr
593 3687 625 3742 ot
651 3686 781 3758 infestum
802 3688 1002 3742 matrimonium
1019 3693 1129 3758 patrem
1151 3699 1231 3740 cuum
1256 3683 1321 3739 ruri

178 3804 262 3865 opere
286 3792 440 3863 lerrpicrr'mc
464 3791 635 3861 capnonr'sret
658 3794 805 3845 reuocatus
826 3788 938 3844 Athenis
965 3807 983 3842 a
1005 3787 1117 3843 Nerone
1137 3802 1161 3842 e.
1186 3802 1217 3861 q.
1237 3801 1260 3840 s.
1287 3781 1319 3840 in

179 3888 288 3970 quibus
304 3908 383 3970 quse
396 3887 630 3962 interciderunt,
651 3887 678 3946 si
693 3888 875 3947 sententiam
896 3906 957 3945 nou
978 3886 1046 3965 ipsa
1065 3881 1160 3942 verba
1179 3880 1318 3961 requiris,

180 3994 221 4053 sic
236 3988 438 4072 probabiliter
459 3991 660 4076 retingamus:
691 3993 875 4066 repraesentet,
896 3991 925 4045 in
948 3989 1094 4047 Graeciam
1113 3987 1232 4041 recessit.
1269 3983 1322 4040 eccl

179 4113 244 4155 mox
266 4095 384 4151 Romam
407 4110 438 4151 sc
460 4096 570 4150 eontulit
593 4101 740 4151 reuocatus
763 4111 790 4152 c.
808 4110 838 4171 q.
863 4112 886 4149 s.
929 4087 1025 4149 verba
1046 4105 1094 4147 rne
1118 4100 1320 4162 recuperasse

180 4204 252 4275 pato
275 4195 367 4255 tertio
389 4193 456 4253 loco
480 4213 510 4272 p.
532 4205 584 4268 51,
608 4204 641 4266 t,
664 4192 715 4253 ubi
738 4190 876 4252 codicum
898 4190 1047 4270 scriptura
1063 4187 1140 4246 haee
1162 4192 1229 4244 est:
1264 4202 1320 4243 uon

181 4305 269 4355 menen
299 4300 458 4371 panarum
490 4300 518 4353 in
549 4301 656 4370 pratia:
709 4295 841 4368 stqmdem
873 4309 957 4366 repre
983 4291 1082 4364 serena
1114 4290 1246 4347 recitante
1271 4300 1321 4342 cu-

181 4400 231 4459 tta
258 4415 295 4458 ec
320 4400 398 4457 trullo
430 4401 485 4457 nisi
506 4398 697 4473 resriperaruti
724 4397 769 4453 sui
795 4409 882 4451 carrea
906 4394 1007 4450 iruir'ctc
1031 4400 1129 4449 teratu
1156 4390 1321 4458 recrearet
