2964 5002
658 379 841 421 ennarsrro
1271 384 1317 431 vn

166 548 181 588 e
199 527 323 604 singulis
343 526 505 587 codicibus
526 530 683 605 separatim
708 529 844 589 adnotata
864 530 902 590 alr
930 533 995 609 ipso
1016 535 1076 593 suis
1100 534 1173 597 locis
1196 556 1315 617 unoque

166 634 324 707 conspectu
336 629 483 707 disposita
504 636 594 697 esset,
609 631 732 690 comiter
746 636 779 690 ut
793 649 840 691 me
856 633 968 693 imaret
986 636 1173 697 transmissis,

247 729 376 790 Tantam
399 729 639 791 doctissimorum
662 733 792 793 virorum
815 731 1048 793 benevolentiam
1073 746 1212 814 expertus
1236 749 1314 801 totus

168 834 195 893 in
216 850 252 893 eo
270 850 372 899 eram,
395 837 424 891 ut
446 848 486 891 ne
506 830 659 907 iudignum
681 851 729 891 me
749 833 881 910 ipsorum
906 834 1004 894 lavore
1024 845 1222 913 praestarem:
1245 860 1314 903 cum

168 941 275 994 aestate
294 952 322 993 a.
349 942 560 993 uncccnvttt
582 933 669 992 editio
693 933 723 993 C.
747 933 780 993 L.
795 934 905 994 Rothi
925 936 1036 996 dudum
1059 956 1075 997 a
1097 957 1145 999 me
1161 948 1312 1019 expectata

169 1038 196 1095 in
217 1035 316 1095 lucem
339 1034 446 1093 emissa
469 1039 523 1093 est.
568 1051 625 1111 qua
646 1053 705 1094 non
727 1033 805 1095 nulla
829 1054 903 1114 quae
927 1044 955 1096 et
983 1038 1045 1115 ipse
1066 1039 1237 1102 inveneram
1263 1060 1312 1102 oe·

171 1144 273 1213 eupata
295 1152 361 1194 esse
387 1141 525 1194 nontam
548 1133 626 1194 dolui
650 1154 736 1215 quam
755 1138 871 1214 gavisus
893 1157 975 1207 sum,
996 1139 1074 1216 ‹qtrncl
1093 1138 1143 1199 tali
1166 1159 1311 1203 consensu

170 1237 255 1297 fidem
282 1235 377 1296 rebus
403 1235 470 1295 adili
500 1237 642 1296 maiorem
669 1236 884 1316 intellegebam.
934 1239 1039 1299 ‹leimle
1068 1259 1140 1301 rrova
1167 1261 1242 1321 quae
1265 1262 1312 1305 me

172 1340 307 1416 ingerant
328 1337 417 1397 didici
442 1336 603 1415 quaedam:
648 1346 676 1399 at
698 1339 782 1417 plura
807 1339 878 1401 milri
901 1340 1001 1401 relicta
1024 1359 1088 1400 csse
1118 1342 1174 1402 virli
1204 1362 1239 1404 ex
1268 1345 1314 1405 irr-

170 1442 269 1499 stituto
294 1441 326 1498 ni
355 1436 441 1497 lallor
468 1437 604 1499 editionis
625 1439 795 1500 llotlrianae.
822 1447 854 1500 ut
878 1443 1009 1501 omittam
1032 1460 1124 1519 pauc-a
1148 1443 1313 1520 fragmenta

171 1538 373 1599 sollertissimo
393 1540 458 1599 rirn
481 1556 540 1598 nou
562 1541 738 1609 innotuisse,
761 1558 863 1600 omnes
885 1541 949 1602 illas
971 1542 1109 1620 reliquias
1131 1544 1239 1621 qrrilrus
1260 1564 1312 1604 no·

170 1660 235 1701 men
266 1640 390 1700 Suetoni
416 1640 582 1718 adpositum
610 1660 669 1700 uon
695 1648 757 1700 erat
784 1644 813 1701 in
837 1641 1049 1703 conlectionem
1072 1660 1156 1703 snam
1179 1662 1237 1704 non
1260 1645 1311 1705 acl·

170 1743 245 1803 misit
266 1760 323 1802 nce
342 1740 598 1801 reconcinnandae
618 1743 756 1819 pristinae
775 1741 918 1829 lilrrorum
941 1744 1052 1804 lormae
1068 1751 1193 1822 apteque
1214 1745 1312 1826 dispo·

168 1843 273 1904 nauelis
295 1841 428 1919 reliquiis
449 1842 580 1902 animum
603 1843 666 1904 lere
689 1844 827 1912 intendit,
857 1851 888 1904 ut
910 1843 1067 1923 plmimam
1094 1851 1208 1923 partem
1235 1846 1312 1923 trag-

143 1950 335 2005 .mentorum
356 1960 416 2003 non
439 1961 495 2020 per
512 1942 602 2003 libros
629 1952 658 2004 et
677 1952 851 2022 argumenta
879 1945 1049 2022 dispositam
1070 1946 1122 2005 secl
1147 1949 1231 2023 quasi
1259 1965 1312 2024 per

168 2053 300 2106 saturam
319 2045 414 2105 lusam
437 2043 601 2122 protulerit.
643 2048 731 2123 igitur
750 2063 814 2105 rem
839 2047 983 2124 integram
1011 2064 1075 2107 esse
1098 2053 1181 2108 ratus
1201 2046 1311 2109 librum

170 2166 266 2207 meum
288 2148 347 2207 iam
365 2145 550 2207 elaboratum
572 2147 763 2219 emittendum
783 2146 863 2211 duxi.

250 2248 284 2308 lu
307 2246 441 2326 reliquiis
464 2255 561 2309 antem
584 2249 706 2309 edendis
728 2266 793 2308 eam
815 2250 892 2308 riam
915 2247 1009 2315 teneri,
1033 2254 1064 2307 ut
1087 2266 1136 2308 eas
1151 2266 1224 2328 quas
1242 2268 1312 2310 con·

169 2352 287 2411 iecturis
315 2354 367 2410 aut
395 2346 520 2408 aliorum
550 2356 599 2410 aut
626 2350 702 2410 meis
724 2350 865 2409 Suetonio
891 2350 1019 2415 restitui,
1042 2351 1182 2409 asterisco
1201 2350 1237 2410 ad
1257 2369 1311 2411 uu·

169 2470 280 2513 merum
301 2451 403 2512 addito
425 2456 573 2510 notarem:
607 2450 714 2528 duplici
745 2449 848 2511 eodem
872 2451 956 2526 signo
977 2465 1151 2520 lestussum,
1179 2452 1228 2512 uhi
1251 2470 1311 2512 non

169 2554 253 2614 modo
277 2553 369 2614 rerlra
389 2550 518 2611 arrrtoris
540 2557 716 2612 commutata
735 2558 819 2613 erant
841 2551 891 2612 secl
916 2553 1002 2611 etiam
1025 2551 1154 2610 instituta
1177 2560 1274 2613 vetera
1295 2573 1310 2613 a

169 2656 340 2717 Christianis
379 2652 594 2714 lrreriatorilms
630 2672 696 2713 cum
729 2654 849 2713 noviciis
883 2652 1016 2713 nrorllms
1042 2654 1078 2711 ita
1109 2652 1245 2720 confusa,
1279 2662 1312 2714 ut

170 2758 346 2819 Suetoniaua
369 2754 406 2815 alr
430 2755 531 2814 alienis
549 2756 612 2815 siue
634 2755 795 2814 scrrtentiae
824 2755 999 2815 detrimento
1024 2754 1138 2812 secerni
1161 2770 1221 2812 non
1243 2772 1311 2833 pos·

168 2868 239 2920 sent.
290 2866 355 2917 tum
377 2857 503 2915 miserae
533 2854 725 2932 plrrrimarum
753 2855 943 2933 reliquiarum
972 2855 1137 2915 condicioni
1165 2858 1311 2932 superiori

169 2960 355 3019 adnotatione
381 2974 438 3036 pro
466 2956 540 3016 uirili
562 2964 646 3034 parte
672 2956 828 3017 consulere
852 2957 959 3016 strului.
999 2974 1054 3032 qua
1084 2962 1202 3032 praeter
1225 2959 1312 3016 tontis

169 3061 293 3121 irulicem
316 3058 463 3119 delectum
485 3076 678 3137 eorumquae
697 3059 732 3117 acl
750 3058 875 3118 eurrdem
893 3057 1064 3123 eruditionis
1082 3056 1180 3117 locum
1198 3063 1310 3136 spec-ta·

168 3172 233 3223 rent
257 3180 292 3221 cx
316 3159 465 3222 veterilms
486 3159 680 3235 scriptoribus
708 3161 892 3238 conpositum
918 3161 1091 3236 perscripsi,
1121 3164 1154 3218 nt.
1173 3166 1310 3236 excerpta

170 3263 246 3324 facili
261 3263 380 3339 negotio
397 3259 522 3338 pleniori
543 3259 582 3320 illi
601 3262 760 3320 memoriae
777 3262 805 3320 in
826 3262 909 3321 cuius
932 3260 1149 3320 contirmatlnue
1172 3258 1240 3319 olim
1258 3277 1310 3337 po-

170 3367 221 3424 sita
244 3370 342 3425 essent
364 3363 588 3422 restituerentur
607 3369 636 3422 et
656 3380 733 3438 quae
754 3369 830 3423 esset
847 3362 919 3421 tides
936 3360 1134 3421 breviatorem
1153 3367 1309 3420 constaret.

169 3469 271 3544 inqua
292 3482 383 3542 opera
403 3462 561 3540 praecipue
582 3464 611 3522 iel
635 3465 680 3541 egi
702 3472 735 3522 ut
756 3463 851 3542 quoad
875 3464 937 3523 eius
959 3463 1023 3522 lieri
1045 3469 1144 3539 posset.
1165 3468 1194 3520 et
1210 3467 1310 3519 aucto·

170 3586 217 3627 res
238 3563 400 3644 Tranquilli
423 3571 452 3624 et
474 3565 592 3641 vestigia
615 3565 796 3624 auctoritatis
823 3565 912 3641 ipsius
932 3564 1088 3623 incertiora
1109 3580 1163 3639 per
1186 3562 1310 3636 scripto-

168 3688 216 3728 res
238 3668 411 3746 posterloris
434 3667 534 3725 aetatis
556 3666 687 3742 dispersa
711 3666 890 3741 indagarem.
927 3664 969 3723 sie
997 3666 1039 3723 eis
1070 3665 1118 3741 qni
1146 3646 1221 3722 lilrro
1244 3679 1310 3719 meo

168 3772 209 3831 uti
238 3769 334 3829 roleut
359 3785 427 3829 eum
450 3760 579 3844 γένεσις
605 3773 637 3827 ut
665 3768 701 3825 ita
730 3767 824 3826 (littam
852 3773 914 3827 tum
943 3766 1094 3842 corruptio
1115 3762 1310 3821 Stretouiauae
1346 3844 1352 3854 Ι

168 3873 329 3933 memoriae
352 3871 382 3928 in
404 3867 560 3945 propatulo
580 3870 644 3928 erit.

251 3971 360 4032 l'ermn
376 3988 433 4047 per
450 3968 594 4029 diutinum
612 3975 742 4047 tempus,
764 3988 823 4046 quo
839 3969 913 4029 lilrer
930 3966 1011 4044 prelo
1030 3961 1235 4042 premelmtur,
1253 3961 1309 4018 lar·

166 4093 233 4151 gam
250 4074 520 4133 additamentormn
534 4069 696 4137 materiam,
717 4089 804 4148 quam
821 4070 896 4130 inira
919 4065 1048 4143 exposui,
1067 4064 1176 4122 sensim
1191 4076 1309 4119 surr-erc-

167 4178 241 4237 risse
262 4174 374 4235 nemini
397 4170 488 4232 credo
511 4173 618 4232 mirum
638 4171 701 4231 erit.
