2964 5002
334 382 573 429 serrassent-a
594 388 683 429 mem
705 390 747 429 ne
769 390 976 431 nnrsrnnrrvn
999 392 1140 435 narrare
1248 381 1307 444 261

180 526 252 597 irione
271 550 319 603 ap.
342 538 414 587 Non.
434 553 461 603 p.
478 536 511 587 st
530 536 642 589 Servius
660 554 753 603 georg.
772 540 815 590 111
833 540 867 589 82
884 541 983 592 Festus
1000 557 1022 592 s.
1041 557 1068 592 r.
1086 545 1202 608 petilam
1220 562 1246 610 p.
1259 546 1310 597 205

179 603 270 655 Gellius
291 606 328 656 N.
351 606 385 655 Α.
409 606 438 655 ll
460 604 560 655 26111
582 605 607 656 9.
648 606 696 657 et:
725 598 773 658 “ln
801 609 987 658 animantibus
1015 610 1149 675 bigenera
1172 613 1308 675 dicuntur,

177 688 235 737 qnae
252 688 287 723 ex
304 674 426 723 diuersis
449 679 614 723 nascuntur:
637 680 669 724 ut
687 674 774 726 mulus
793 692 827 726 ex
846 691 917 740 equa
936 682 964 727 et
983 678 1070 739 asino,
1091 679 1176 728 bardo
1193 697 1227 730 ex
1240 698 1309 745 equo

177 752 199 791 et
212 741 299 803 uina,
317 740 449 791 hibridae
472 756 507 793 ex
530 743 606 808 apris
625 747 653 792 et
670 744 774 808 porcis,
799 745 897 805 tityrus
921 761 954 794 ex
973 760 1024 794 one
1044 753 1072 795 et
1089 745 1175 807 hirco,
1195 751 1310 800 mnaimo

177 824 204 858 ex
217 823 301 875 capra
321 818 351 861 et
369 809 476 869 ariete,
499 814 542 859 eet
560 816 652 859 antem
670 810 725 860 dux
742 810 855 876 gregis*
897 814 934 865 ci.
953 812 1039 861 Varro
1058 814 1091 862 de
1110 830 1139 863 re
1159 815 1263 865 rustica
1283 817 1309 866 ll

175 874 218 927 88
265 878 310 927 ine
333 876 427 941 eclog.
451 876 466 927 1
488 874 522 926 28
544 893 639 942 georg.
658 877 701 928 Ill
723 877 780 929 tte.
797 880 901 929 h'enins
923 895 945 929 s.
969 895 995 929 v.
1015 882 1181 931 mnsimones
1204 899 1231 948 p.
1251 882 1309 933 137.

176 944 195 993 2.
242 1004 245 1009 ι
298 942 421 1015 estiis!
456 944 568 1009 erqo:
593 946 700 1009 ‘Tigris
718 952 821 995 uocata
838 953 950 1011 propter
972 948 1111 997 uolucrem
1130 950 1233 1013 lugam.
1269 952 1309 1003 ita

176 1028 202 1063 sn
292 1074 297 1081 Ι
318 1013 402 1062 inant
423 1012 527 1063 Persae
551 1017 581 1063 et
598 1014 672 1063 Medi
698 1015 838 1079 sagittam.
881 1022 924 1065 est
948 1017 1022 1064 enirn
1039 1016 1132 1066 bestia
1150 1019 1236 1067 uariis
1254 1017 1309 1068 dis·

175 1082 207 1129 tin
253 1079 399 1140 mentre,
419 1080 522 1131 uirtute
542 1085 570 1130 et
588 1081 738 1131 uelocitate
758 1081 902 1141 mirabilis,
923 1098 956 1131 ex
974 1086 1054 1133 cuiue
1076 1086 1186 1133 nemine
1209 1086 1308 1135 flamen

175 1148 255 1213 Tigris
269 1146 439 1213 appellatur,
459 1146 531 1212 qnod
548 1148 573 1197 is
591 1149 781 1213 rapidissimus
799 1151 836 1199 sit
854 1152 972 1199 omniurn
991 1151 1143 1201 liciniorum.
1180 1152 1231 1201 has
1252 1170 1308 1202 rna-

174 1216 209 1279 gis
227 1215 373 1279 Hyrcania
402 1216 503 1281 gignit.
543 1216 668 1266 Pantlrer
689 1217 793 1277 dictus,
822 1219 882 1267 siue
910 1218 982 1282 qued
1007 1221 1125 1268 ornninrn
1149 1220 1309 1270 animalium

174 1284 268 1333 amicus
286 1282 338 1345 sit,
364 1288 482 1349 excepte
505 1282 639 1343 dracone,
669 1286 729 1334 siue
754 1285 818 1349 quia
841 1292 869 1335 et
891 1286 934 1335 sni
958 1288 1068 1349 generis
1087 1289 1222 1337 societate
1241 1304 1307 1353 gan·

173 1350 212 1401 let
232 1356 261 1401 et
283 1350 321 1401 ael
340 1350 459 1401 eandem
482 1350 690 1401 similitudinem
713 1352 845 1417 quidquid
868 1346 974 1417 aceipi't
996 1354 1087 1403 reddit
1177 1356 1246 1405 haec
1266 1373 1307 1407 se-

173 1418 218 1467 nel
233 1418 347 1469 omnine
363 1418 500 1482 parturit,
525 1421 603 1469 cuins
627 1435 729 1469 canisae
751 1421 823 1469 ratio
847 1421 998 1470 manifesta
1021 1430 1071 1471 est.
1113 1437 1177 1471 narn
1200 1424 1308 1472 crimin

172 1490 242 1535 atero
258 1486 358 1537 matris
376 1485 507 1536 coaluere
531 1487 619 1536 catali
642 1487 811 1552 maturisque
831 1487 866 1537 ad
884 1488 1053 1537 nascendum
1071 1490 1176 1539 uiribus
1194 1490 1307 1555 pollent,

172 1552 259 1603 edient
286 1560 444 1619 temporum
471 1569 569 1603 moras.
615 1555 711 1619 itaque
739 1560 882 1605 oneratum
906 1556 1010 1605 Ietibns
1034 1556 1145 1606 cultram
1169 1563 1308 1622 tamquam

172 1620 320 1671 innurem
339 1622 435 1687 partui
452 1622 589 1685 unguibus
607 1622 742 1682 lacerant,
767 1622 885 1672 effundit
904 1622 953 1672 illa
970 1629 1079 1688 partum
1098 1641 1146 1673 sen
1164 1626 1254 1689 potins
1267 1626 1308 1675 di·

171 1688 248 1739 nittit
260 1688 356 1739 dolore
375 1694 503 1753 cogente.
532 1690 573 1739 ita
585 1695 683 1755 postca
702 1690 839 1754 corruptis
858 1700 885 1739 et
904 1691 1078 1741 cicatricosis
1097 1692 1209 1742 sedibus
1228 1694 1306 1758 geni·

171 1754 221 1805 tale
237 1772 334 1807 semen
353 1755 475 1806 inlusum
493 1772 548 1806 non
565 1756 663 1808 haeret
681 1766 840 1822 acceptum,
866 1756 914 1807 sed
938 1760 1045 1807 irritum
1069 1760 1160 1809 resilit
1246 1776 1307 1825 par-

170 1822 214 1873 lns
234 1823 376 1875 secandus
397 1832 460 1889 post
483 1824 645 1889 pantherem
674 1832 729 1883 est,
758 1841 845 1889 genas
873 1826 980 1875 uarium
1004 1834 1033 1876 et
1055 1827 1258 1877 uelocissimum
1281 1836 1309 1877 et

170 1906 298 1957 praeceps
322 1891 359 1941 ad
382 1892 554 1957 sanguinein.
601 1893 674 1942 saltn
698 1893 771 1942 enim
795 1893 830 1942 ad
859 1898 972 1943 mertem
999 1895 1063 1943 rnit.
1106 1895 1252 1960 leopardus
1276 1912 1309 1945 ex

170 1958 300 2010 adulterio
323 1958 443 2009 leaenae
473 1964 502 2010 et
524 1960 603 2025 pardi
621 1962 760 2022 nascitur,
785 1966 814 2010 et
835 1961 946 2010 tertiam
965 1962 1100 2025 originem
1118 1964 1216 2024 eflicit,
1236 1965 1309 2013 sieut

170 2026 317 2077 etPllnins
339 2028 371 2076 in
394 2026 517 2077 naturali
539 2028 657 2077 historia
679 2028 760 2085 dicit,
788 2028 897 2078 leonem
922 2044 984 2078 enm
1002 2029 1103 2094 parda,
1129 2038 1177 2080 aut
1194 2029 1309 2097 pardum

171 2108 225 2143 enm
241 2094 344 2145 leaena
367 2095 563 2147 concumbere.
591 2102 620 2145 et
642 2112 676 2145 ex
693 2101 809 2161 utroque
833 2098 909 2145 coita
926 2096 1078 2161 degeneres
1096 2106 1191 2161 partas
1209 2099 1307 2160 creari,

170 2160 299 2212 etmnlue
317 2168 347 2212 et
364 2160 472 2211 burdo!
509 2161 612 2228 1⁶2an
637 2163 821 2213 ‘Rhinoceros
840 2178 857 2212 a
875 2164 992 2215 Graccis
1014 2174 1130 2215 necatus
1148 2166 1249 2216 Latine
1267 2166 1308 2214 in·

170 2232 333 2295 terpretatur
360 2230 391 2280 in
413 2243 480 2279 nare
509 2246 603 2281 cornu.
643 2231 715 2281 idem
739 2239 767 2280 et
790 2247 950 2281 monoceros
967 2232 995 2281 id
1014 2238 1056 2281 est
1073 2234 1225 2295 unicornis,
1246 2233 1308 2282 ideo

170 2298 235 2363 qnod
255 2312 341 2347 annm
360 2311 446 2348 cornu
468 2298 497 2346 in
515 2297 606 2347 media
624 2298 715 2348 fronte
733 2297 837 2349 habeat
854 2299 953 2363 pedum
972 2304 1114 2363 quattuor.
1139 2301 1180 2349 its
1198 2306 1309 2349 acntnm

170 2364 348 2427 timidam,
372 2370 403 2415 ut
422 2364 553 2429 quidquid
571 2364 727 2431 inpetierit,
754 2372 802 2415 aut
825 2366 942 2416 nentilet
965 2372 1014 2415 ant
1032 2366 1162 2431 perforet.
1198 2383 1261 2415 narn
1281 2372 1309 2416 et

170 2446 226 2483 enni
242 2432 394 2499 elephante
412 2446 497 2499 saepe
516 2440 657 2483 certamen
675 2433 761 2483 habet
784 2439 812 2483 et
835 2434 863 2483 in
881 2441 979 2483 uentre
997 2433 1171 2483 tndner'stum
1188 2441 1309 2498 proster-

170 2500 214 2551 nit.
247 2506 347 2551 tantae
367 2506 460 2550 autern
479 2506 521 2550 cst
539 2500 717 2561 fortitudinis,
738 2509 767 2551 nt
785 2501 862 2551 nulla
879 2502 1041 2551 ueneni-inm
1054 2500 1156 2548 uirtute
1170 2502 1307 2565 capiatur,

170 2568 213 2618 teil
234 2569 309 2619 sicat
333 2575 475 2629 asserunt,
501 2569 556 2631 qui
580 2572 724 2619 naturae
752 2568 949 2618 animalium
972 2568 1204 2632 scripserant.
1229 2568 1308 2632 uirgo

170 2635 256 2701 perella
274 2636 451 2702 preponitur.
476 2651 546 2698 qnae
570 2636 693 2686 uenienti
716 2638 805 2687 sinum
825 2639 928 2701 aperit,
955 2637 982 2683 in
1007 2651 1059 2701 quo
1077 2633 1124 2683 ille
1144 2636 1217 2683 omni
1236 2635 1308 2684 iero-

170 2703 251 2753 eitate
280 2704 410 2769 deposita
438 2712 523 2767 capnt
549 2704 627 2767 ponit
654 2705 750 2767 sicque
778 2711 921 2768 soporatus
945 2702 1021 2752 uelut
1043 2703 1155 2751 inermis
1179 2700 1307 2765 capitur.'

169 2770 209 2821 Gi.
232 2772 387 2823 Mantiane.
411 2770 501 2835 suppl.
525 2777 582 2819 ant.
601 2771 642 2821 Ill
665 2771 689 2827 Ι,
714 2770 744 2824 e.
769 2774 814 2835 qui
839 2772 986 2833 imaginem
1010 2788 1043 2820 ex
1066 2786 1173 2835 gemma
1198 2768 1307 2833 puellae

170 2846 262 2903 aperto
279 2839 344 2888 eina
362 2838 521 2887 unicornem
541 2838 737 2902 amplectentis
756 2839 877 2891 exhibet.
898 2837 1008 2888 Selinus
1026 2838 1067 2887 52.
1100 2837 1130 2886 l·l
1143 2854 1214 2902 sqq.:
1236 2836 1308 2885 ‘Ele-

169 2906 295 2971 phantem
315 2905 419 2957 Graeci
438 2921 455 2954 a
472 2906 663 2969 magnitudine
683 2908 805 2970 corporis
823 2914 952 2955 eicientem
971 2911 1078 2971 patant,
1104 2905 1176 2969 quod
1193 2905 1309 2954 formam

169 2975 266 3035 nentis
276 2973 431 3039 praeierat.
450 2988 550 3039 graece
565 2975 636 3022 enim
650 2991 726 3023 mons
739 2966 835 3033 λόφος.
856 2974 928 3037 npnd
942 2972 1023 3023 Indos
1036 2982 1126 3022 aretem
1139 2989 1156 3021 a
1168 2988 1234 3022 noce
1245 2973 1308 3021 bar·

169 3050 348 3093 moecatur.
372 3041 446 3090 unde
460 3048 488 3091 et
500 3056 554 3090 nox
567 3043 626 3089 eins
640 3042 758 3090 barritus
771 3042 871 3089 dieitur
884 3047 911 3089 et
922 3041 1019 3090 dentes
1030 3041 1106 3089 cbnr.
1131 3049 1308 3089 rostrnmau-

167 3116 218 3161 lem
230 3109 376 3175 proboseis
388 3109 497 3169 dicitnr,
511 3110 639 3172 qnoniam
652 3110 700 3158 illa
710 3108 840 3173 poleniam
851 3110 893 3157 ori
904 3108 1034 3157 admonet
1045 3114 1071 3158 et
1084 3116 1127 3156 est
1136 3110 1220 3172 angeri
1234 3109 1309 3157 simi·

123 3178 130 3193 ¹
167 3176 286 3233 lit.nallo
301 3178 423 3227 munitus
436 3176 549 3226 eburno.
573 3177 622 3225 hos
633 3178 719 3226 bones
735 3176 814 3224 lucas
830 3177 920 3225 dictos
933 3176 967 3223 nli
980 3176 1101 3238 antiqnis
1115 3175 1246 3225 Romanis
1261 3176 1307 3237 (es.

171 3246 255 3295 Varro
270 3246 302 3295 t.
317 3244 351 3293 t.
368 3245 393 3293 V
395 3244 426 3293 II
440 3248 522 3309 393q.
538 3244 633 3293 Plinius
647 3245 721 3293 l·''III
734 3246 791 3301 iet:
805 3243 901 3295 bones.
916 3244 981 3306 qnia
994 3242 1097 3291 nnllnm
1111 3243 1214 3291 animal
1227 3259 1308 3307 gran·

167 3310 224 3361 dine
237 3312 383 3367 uidebant.
396 3311 485 3367 lucas,
498 3312 563 3375 qnia
575 3312 602 3360 in
615 3313 742 3360 Lucania
753 3311 815 3361 illos
827 3312 929 3375 primns
944 3310 1062 3371 l'yrrlms
1075 3311 1103 3358 in
1116 3310 1223 3374 praelio
1233 3311 1309 3360 obie-

168 3380 203 3431 eit
215 3381 359 3431 Romanis.
383 3378 512 3428 namhoc
525 3394 612 3441 gentis
626 3380 774 3428 animanis
789 3380 816 3427 in
829 3379 911 3427 rebns
923 3377 1033 3426 bellicis
1047 3386 1140 3442 aptam
1153 3384 1203 3426 est.
1226 3378 1309 3427 ineis

168 3449 236 3497 enirn
249 3450 353 3499 Persae
373 3451 401 3496 et
414 3446 475 3495 lndi
493 3446 595 3509 ligneis
613 3448 733 3496 turribus
752 3446 898 3495 collocatis
916 3451 1055 3508 tamquam
1074 3445 1107 3494 de
1120 3461 1196 3495 muro
1210 3445 1310 3494 iaenlis

167 3514 307 3567 dimicant.
336 3514 482 3564 intellectu
497 3522 588 3563 antem
600 3522 629 3562 et
639 3516 770 3563 mirmoria
784 3513 868 3562 multa
883 3513 988 3577 uigent.
1012 3514 1149 3576 gregatim
1167 3513 1308 3571 incedunt,

167 3590 237 3633 netu
256 3598 311 3647 quo
329 3581 426 3632 ualent
443 3581 576 3639 salutant,
595 3597 697 3631 nrnrem
717 3583 835 3643 frigiani,
855 3582 946 3630 arrersi
966 3586 1075 3641 cocunt,
1095 3580 1204 3643 qnando
1217 3587 1310 3629 antem

167 3652 336 3715 parturiunt,
356 3650 385 3698 in
404 3650 483 3713 aqrris
502 3650 545 3698 nel
565 3648 662 3697 irrsnlls
680 3650 822 3698 dimittunt
840 3650 931 3698 foetus
950 3655 1061 3712 propter
1077 3648 1224 3701 dracones.
1246 3649 1310 3711 quie

167 3718 269 3768 inimici
288 3724 354 3767 eunt
373 3724 401 3765 et
419 3717 454 3764 ali
467 3717 508 3765 eis
527 3716 663 3781 implicati
681 3724 824 3766 necantur.
866 3716 978 3765 biennio
996 3721 1088 3763 autent
1107 3719 1218 3779 portant
1237 3717 1311 3763 fetus

167 3801 215 3837 nec
234 3785 356 3851 amplius
374 3799 455 3847 qnam
473 3785 558 3833 semel
584 3785 701 3847 gigrrnnt
723 3800 774 3834 nee
794 3784 885 3847 plnres
903 3783 951 3832 sad
969 3788 1183 3832 tentamentum.
1213 3784 1312 3830 uiuunt

167 3860 255 3904 entem
266 3868 356 3903 annos
366 3858 515 3901 trecentos.
534 3853 606 3916 apud
617 3853 702 3901 aelam
713 3852 838 3901 Africam
849 3860 877 3900 et
890 3850 996 3900 Indiam
1008 3850 1150 3915 elephanti
1162 3851 1237 3914 prins
1247 3864 1309 3897 nas-

168 3922 309 3981 cebantur,
329 3934 403 3968 nnnc
421 3919 481 3968 sola
500 3936 547 3969 ees
567 3920 646 3968 lndia
665 3916 775 3983 gignit)
803 3916 848 3966 29:
871 3916 981 3982 'l'nlpcs
1000 3918 1077 3967 dicta
1096 3919 1174 3981 qrrasi
1193 3917 1310 3979 nelipes.

167 3995 207 4039 etl
228 3992 304 4039 enirn
328 3986 461 4035 solubilis
482 3985 617 4051 pedihus)
659 3990 694 4035 ef.
720 3988 805 4034 l'arro
829 3986 862 4033 L.
881 3984 913 4033 L.
931 3986 954 4033 l'
977 3985 1031 4034 lei.
1063 3984 1096 4035 38
1114 4001 1186 4049 serp:
1212 3984 1311 4032 ‘Musio

167 4055 324 4122 appellatus
348 4053 420 4118 qnod
442 4055 565 4103 marilias
588 4055 707 4103 infestus
729 4054 774 4101 sit.
817 4054 889 4101 lianc
916 4053 1015 4115 rnrlprrrs
1038 4060 1129 4102 catum
1154 4068 1170 4100 a
1194 4058 1311 4113 captura

167 4131 255 4175 necat.
293 4122 345 4172 alii
369 4121 466 4171 dicunt
484 4122 554 4185 qnod
574 4128 649 4171 catat
670 4122 696 4169 id
715 4128 758 4169 est
776 4120 867 4178 nidet3
885 4136 949 4169 nam
967 4126 1046 4171 tanto
1066 4128 1147 4169 aente
1165 4118 1255 4167 uidet.
1281 4123 1312 4164 nt

167 4190 271 4257 lnlgore
295 4189 409 4239 luminis
432 4191 522 4238 noctis
546 4189 675 4239 tenebras
699 4195 818 4250 eriperet.
860 4187 932 4237 unde
959 4204 976 4236 a
1000 4188 1108 4237 Graeco
1132 4185 1209 4234 uenit
1231 4188 1311 4231 catur

168 4258 194 4307 it
220 4267 264 4309 est
288 4257 451 4321 ingeniosus
478 4247 536 4306 ἀπὸ
565 4255 615 4306 τοῦ
645 4248 778 4319 κάεσθαι.
820 4254 882 4304 iuro
909 4270 926 4303 a
949 4256 1029 4304 lirino
1051 4254 1157 4305 dictus.
1187 4248 1257 4298 unde
1282 4255 1312 4299 et

168 4325 217 4375 lnr.
251 4326 416 4378 tenebrosos
439 4326 513 4373 enim
541 4332 567 4374 et
591 4325 715 4373 occultos
738 4320 881 4371 cuniculos
905 4322 1001 4372 effodit
1027 4327 1056 4369 et
1078 4320 1158 4367 eiieit
1179 4315 1311 4381 praedam

169 4408 248 4457 qnam
269 4392 422 4444 inuenerit.
457 4392 544 4453 melo,
572 4392 644 4457 qnod
661 4393 699 4442 sit
716 4389 911 4441 rotundissimo
930 4389 1059 4447 membre,
1078 4385 1124 4434 nel
1142 4383 1213 4449 qnod
1232 4384 1312 4433 ferres
