<?xml version="1.0" encoding="UTF-8"?>
<!DOCTYPE html PUBLIC "-//W3C//DTD XHTML 1.0 Transitional//EN"
    "http://www.w3.org/TR/xhtml1/DTD/xhtml1-transitional.dtd">
<html xmlns="http://www.w3.org/1999/xhtml" xml:lang="en" lang="en">
 <head>
  <title>
</title>
<meta http-equiv="Content-Type" content="text/html;charset=utf-8" />
  <meta name='ocr-system' content='tesseract 3.04.00' />
  <meta name='ocr-capabilities' content='ocr_page ocr_carea ocr_par ocr_line ocrx_word'/>
</head>
<body>
  <div class='ocr_page' id='page_1' title='image "./csvetonitranqvi00ritsgoog_0443.png"; bbox 0 0 2964 5002; ppageno 0'>
   <div class='ocr_carea' id='block_1_1' title="bbox 165 319 982 407">
    <p class='ocr_par' dir='ltr' id='par_1_1' title="bbox 165 319 982 407">
     <span class='ocr_line' id='line_1_1' title="bbox 165 319 982 407; baseline -0.011 -25"><span class='ocrx_word' id='word_1_1' title='bbox 165 319 227 384; x_wconf 77' lang='grc'><strong>408</strong></span> <span class='ocrx_word' id='word_1_2' title='bbox 507 334 733 407; x_wconf 73' lang='lat' dir='ltr'><strong>nvsusnrosas</strong></span> <span class='ocrx_word' id='word_1_3' title='bbox 755 331 982 376; x_wconf 77' lang='lat' dir='ltr'><strong>svaronrsnsu</strong></span> 
     </span>
    </p>
   </div>
   <div class='ocr_carea' id='block_1_2' title="bbox 156 456 1315 567">
    <p class='ocr_par' dir='ltr' id='par_1_2' title="bbox 156 456 1315 567">
     <span class='ocr_line' id='line_1_2' title="bbox 156 456 1315 567; baseline -0.005 -17"><span class='ocrx_word' id='word_1_4' title='bbox 156 507 263 550; x_wconf 82' lang='lat' dir='ltr'><strong>nacae</strong></span> <span class='ocrx_word' id='word_1_5' title='bbox 290 456 405 546; x_wconf 86' lang='lat' dir='ltr'><strong>iudicio</strong></span> <span class='ocrx_word' id='word_1_6' title='bbox 433 495 513 547; x_wconf 84' lang='lat' dir='ltr'><strong>utar.</strong></span> <span class='ocrx_word' id='word_1_7' title='bbox 562 486 648 547; x_wconf 89' lang='lat' dir='ltr'><strong>cuins</strong></span> <span class='ocrx_word' id='word_1_8' title='bbox 678 494 785 545; x_wconf 84' lang='lat' dir='ltr'><strong>auctor</strong></span> <span class='ocrx_word' id='word_1_9' title='bbox 806 493 849 544; x_wconf 21' lang='lat' dir='ltr'><strong>tut</strong></span> <span class='ocrx_word' id='word_1_10' title='bbox 880 493 1019 545; x_wconf 80' lang='lat' dir='ltr'><strong>veterem</strong></span> <span class='ocrx_word' id='word_1_11' title='bbox 1047 483 1315 567; x_wconf 74' lang='lat' dir='ltr'><strong>Pythagoreorum</strong></span> 
     </span>
    </p>
   </div>
   <div class='ocr_carea' id='block_1_3' title="bbox 78 585 1314 661">
    <p class='ocr_par' dir='ltr' id='par_1_3' title="bbox 78 585 1314 661">
     <span class='ocr_line' id='line_1_3' title="bbox 78 585 1314 661; baseline -0.002 -11"><span class='ocrx_word' id='word_1_12' title='bbox 78 604 81 613; x_wconf 87' lang='lat'>&#39;</span> <span class='ocrx_word' id='word_1_13' title='bbox 167 590 333 650; x_wconf 80' lang='lat' dir='ltr'><strong>dcet-tinam</strong></span> <span class='ocrx_word' id='word_1_14' title='bbox 358 589 544 649; x_wconf 86' lang='lat' dir='ltr'><strong>resuscitare</strong></span> <span class='ocrx_word' id='word_1_15' title='bbox 567 586 725 661; x_wconf 77' lang='lat' dir='ltr'><strong>studebat,</strong></span> <span class='ocrx_word' id='word_1_16' title='bbox 751 587 798 646; x_wconf 86' lang='lat' dir='ltr'><strong>ita</strong></span> <span class='ocrx_word' id='word_1_17' title='bbox 823 605 939 652; x_wconf 84' lang='lat' dir='ltr'><strong>summo</strong></span> <span class='ocrx_word' id='word_1_18' title='bbox 967 586 1090 646; x_wconf 79' lang='lat' dir='ltr'><strong>fervore</strong></span> <span class='ocrx_word' id='word_1_19' title='bbox 1117 585 1190 645; x_wconf 88' lang='lat' dir='ltr'><strong>dnm</strong></span> <span class='ocrx_word' id='word_1_20' title='bbox 1216 588 1314 647; x_wconf 80' lang='lat' dir='ltr'><strong>vitam</strong></span> 
     </span>
    </p>
   </div>
   <div class='ocr_carea' id='block_1_4' title="bbox 138 687 1366 1988">
    <p class='ocr_par' dir='ltr' id='par_1_4' title="bbox 138 687 1366 1988">
     <span class='ocr_line' id='line_1_4' title="bbox 166 687 1315 769; baseline -0.004 -17"><span class='ocrx_word' id='word_1_21' title='bbox 166 692 321 752; x_wconf 86' lang='lat' dir='ltr'><strong>hominum</strong></span> <span class='ocrx_word' id='word_1_22' title='bbox 350 689 390 749; x_wconf 84' lang='lat' dir='ltr'><strong>sd</strong></span> <span class='ocrx_word' id='word_1_23' title='bbox 421 699 551 750; x_wconf 85' lang='lat' dir='ltr'><strong>naturas</strong></span> <span class='ocrx_word' id='word_1_24' title='bbox 580 688 668 766; x_wconf 87' lang='lat' dir='ltr'><strong>leges</strong></span> <span class='ocrx_word' id='word_1_25' title='bbox 692 687 858 748; x_wconf 82' lang='lat' dir='ltr'><strong>reformare</strong></span> <span class='ocrx_word' id='word_1_26' title='bbox 889 688 974 768; x_wconf 80' lang='lat' dir='ltr'><strong>cupit</strong></span> <span class='ocrx_word' id='word_1_27' title='bbox 1005 687 1150 769; x_wconf 84' lang='lat' dir='ltr'><strong>physicas</strong></span> <span class='ocrx_word' id='word_1_28' title='bbox 1175 687 1315 769; x_wconf 88' lang='lat' dir='ltr'><strong>discipli·</strong></span> 
     </span>
     <span class='ocr_line' id='line_1_5' title="bbox 138 787 1315 871; baseline -0.004 -18"><span class='ocrx_word' id='word_1_29' title='bbox 138 813 223 854; x_wconf 75' lang='lat' dir='ltr'><strong>=nas</strong></span> <span class='ocrx_word' id='word_1_30' title='bbox 252 791 389 858; x_wconf 80' lang='lat' dir='ltr'><strong>colcbet3</strong></span> <span class='ocrx_word' id='word_1_31' title='bbox 436 792 524 851; x_wconf 87' lang='lat' dir='ltr'><strong>cuius</strong></span> <span class='ocrx_word' id='word_1_32' title='bbox 551 793 720 850; x_wconf 83' lang='lat' dir='ltr'><strong>sectatores</strong></span> <span class='ocrx_word' id='word_1_33' title='bbox 751 789 839 850; x_wconf 83' lang='lat' dir='ltr'><strong>fuere</strong></span> <span class='ocrx_word' id='word_1_34' title='bbox 872 787 1006 871; x_wconf 84' lang='lat' dir='ltr'><strong>quodam</strong></span> <span class='ocrx_word' id='word_1_35' title='bbox 1037 787 1126 849; x_wconf 91' lang='lat' dir='ltr'><strong>modo</strong></span> <span class='ocrx_word' id='word_1_36' title='bbox 1153 789 1315 850; x_wconf 83' lang='lat' dir='ltr'><strong>Fabianus</strong></span> 
     </span>
     <span class='ocr_line' id='line_1_6' title="bbox 168 889 1315 971; baseline -0.002 -17"><span class='ocrx_word' id='word_1_37' title='bbox 168 893 279 954; x_wconf 81' lang='lat' dir='ltr'><strong>Celsus</strong></span> <span class='ocrx_word' id='word_1_38' title='bbox 308 891 430 953; x_wconf 87' lang='lat' dir='ltr'><strong>Seneca</strong></span> <span class='ocrx_word' id='word_1_39' title='bbox 448 889 585 965; x_wconf 82' lang='lat' dir='ltr'><strong>Pliniris,</strong></span> <span class='ocrx_word' id='word_1_40' title='bbox 605 891 639 950; x_wconf 90' lang='lat' dir='ltr'><strong>in</strong></span> <span class='ocrx_word' id='word_1_41' title='bbox 659 910 823 971; x_wconf 83' lang='lat' dir='ltr'><strong>eorumque</strong></span> <span class='ocrx_word' id='word_1_42' title='bbox 837 908 997 953; x_wconf 82' lang='lat' dir='ltr'><strong>numerum</strong></span> <span class='ocrx_word' id='word_1_43' title='bbox 1016 890 1229 971; x_wconf 82' lang='lat' dir='ltr'><strong>recipiendum</strong></span> <span class='ocrx_word' id='word_1_44' title='bbox 1246 910 1315 952; x_wconf 85' lang='lat' dir='ltr'><strong>esse</strong></span> 
     </span>
     <span class='ocr_line' id='line_1_7' title="bbox 167 991 1316 1074; baseline 0 -19"><span class='ocrx_word' id='word_1_45' title='bbox 167 995 382 1074; x_wconf 78' lang='lat' dir='ltr'><strong>Tranquillum</strong></span> <span class='ocrx_word' id='word_1_46' title='bbox 399 994 481 1054; x_wconf 77' lang='lat' dir='ltr'><strong>infre</strong></span> <span class='ocrx_word' id='word_1_47' title='bbox 500 993 629 1073; x_wconf 86' lang='lat' dir='ltr'><strong>patebit.</strong></span> <span class='ocrx_word' id='word_1_48' title='bbox 667 1013 749 1073; x_wconf 88' lang='lat' dir='ltr'><strong>quae</strong></span> <span class='ocrx_word' id='word_1_49' title='bbox 764 993 841 1054; x_wconf 87' lang='lat' dir='ltr'><strong>-idco</strong></span> <span class='ocrx_word' id='word_1_50' title='bbox 869 992 1041 1073; x_wconf 82' lang='lat' dir='ltr'><strong>praefanda</strong></span> <span class='ocrx_word' id='word_1_51' title='bbox 1062 991 1153 1068; x_wconf 78' lang='lat' dir='ltr'><strong>duxi,</strong></span> <span class='ocrx_word' id='word_1_52' title='bbox 1179 1001 1217 1053; x_wconf 90' lang='lat' dir='ltr'><strong>ut</strong></span> <span class='ocrx_word' id='word_1_53' title='bbox 1238 994 1316 1055; x_wconf 84' lang='lat' dir='ltr'><strong>faci-</strong></span> 
     </span>
     <span class='ocr_line' id='line_1_8' title="bbox 169 1093 1316 1175; baseline -0.002 -19"><span class='ocrx_word' id='word_1_54' title='bbox 169 1097 228 1156; x_wconf 87' lang='lat' dir='ltr'><strong>lius</strong></span> <span class='ocrx_word' id='word_1_55' title='bbox 252 1097 401 1156; x_wconf 85' lang='lat' dir='ltr'><strong>rationem</strong></span> <span class='ocrx_word' id='word_1_56' title='bbox 433 1094 628 1174; x_wconf 76' lang='lat' dir='ltr'><strong>adsequeris,</strong></span> <span class='ocrx_word' id='word_1_57' title='bbox 662 1114 754 1174; x_wconf 89' lang='lat' dir='ltr'><strong>quam</strong></span> <span class='ocrx_word' id='word_1_58' title='bbox 779 1093 944 1154; x_wconf 70' lang='lat' dir='ltr'><strong>Suetonius</strong></span> <span class='ocrx_word' id='word_1_59' title='bbox 963 1095 996 1152; x_wconf 94' lang='lat' dir='ltr'><strong>in</strong></span> <span class='ocrx_word' id='word_1_60' title='bbox 1021 1093 1085 1154; x_wconf 81' lang='lat' dir='ltr'><strong>-hac</strong></span> <span class='ocrx_word' id='word_1_61' title='bbox 1110 1105 1201 1175; x_wconf 84' lang='lat' dir='ltr'><strong>parte</strong></span> <span class='ocrx_word' id='word_1_62' title='bbox 1228 1115 1316 1155; x_wconf 90' lang='lat' dir='ltr'><strong>secu·</strong></span> 
     </span>
     <span class='ocr_line' id='line_1_9' title="bbox 169 1181 1317 1279; baseline -0.002 -22"><span class='ocrx_word' id='word_1_63' title='bbox 169 1207 217 1259; x_wconf 83' lang='lat' dir='ltr'><strong>tus</strong></span> <span class='ocrx_word' id='word_1_64' title='bbox 230 1189 290 1258; x_wconf 76' lang='lat' dir='ltr'><strong>‘sit</strong></span> <span class='ocrx_word' id='word_1_65' title='bbox 326 1216 429 1279; x_wconf 89' lang='lat' dir='ltr'><strong>nsque</strong></span> <span class='ocrx_word' id='word_1_66' title='bbox 443 1181 572 1269; x_wconf 86' lang='lat' dir='ltr'><strong>dubito,</strong></span> <span class='ocrx_word' id='word_1_67' title='bbox 597 1197 671 1276; x_wconf 89' lang='lat' dir='ltr'><strong>quin</strong></span> <span class='ocrx_word' id='word_1_68' title='bbox 694 1195 733 1256; x_wconf 89' lang='lat' dir='ltr'><strong>de</strong></span> <span class='ocrx_word' id='word_1_69' title='bbox 755 1196 812 1256; x_wconf 90' lang='lat' dir='ltr'><strong>his-</strong></span> <span class='ocrx_word' id='word_1_70' title='bbox 829 1195 939 1257; x_wconf 88' lang='lat' dir='ltr'><strong>studiis</strong></span> <span class='ocrx_word' id='word_1_71' title='bbox 961 1197 1152 1275; x_wconf 84' lang='lat' dir='ltr'><strong>potissimum</strong></span> <span class='ocrx_word' id='word_1_72' title='bbox 1167 1197 1204 1256; x_wconf 80' lang='lat' dir='ltr'><strong>in</strong></span> <span class='ocrx_word' id='word_1_73' title='bbox 1227 1215 1317 1275; x_wconf 83' lang='lat' dir='ltr'><strong>prae·</strong></span> 
     </span>
     <span class='ocr_line' id='line_1_10' title="bbox 172 1296 1318 1377; baseline 0 -20"><span class='ocrx_word' id='word_1_74' title='bbox 172 1299 288 1360; x_wconf 78' lang='lat' dir='ltr'><strong>latione</strong></span> <span class='ocrx_word' id='word_1_75' title='bbox 304 1298 411 1377; x_wconf 87' lang='lat' dir='ltr'><strong>egerit</strong></span> <span class='ocrx_word' id='word_1_76' title='bbox 437 1296 613 1357; x_wconf 85' lang='lat' dir='ltr'><strong>Sextiorum</strong></span> <span class='ocrx_word' id='word_1_77' title='bbox 628 1299 709 1357; x_wconf 90' lang='lat' dir='ltr'><strong>enim</strong></span> <span class='ocrx_word' id='word_1_78' title='bbox 723 1299 818 1376; x_wconf 86' lang='lat' dir='ltr'><strong>patris</strong></span> <span class='ocrx_word' id='word_1_79' title='bbox 834 1306 867 1358; x_wconf 86' lang='lat' dir='ltr'><strong>et</strong></span> <span class='ocrx_word' id='word_1_80' title='bbox 879 1297 944 1370; x_wconf 87' lang='lat' dir='ltr'><strong>filii,</strong></span> <span class='ocrx_word' id='word_1_81' title='bbox 961 1318 1029 1358; x_wconf 89' lang='lat' dir='ltr'><strong>cum</strong></span> <span class='ocrx_word' id='word_1_82' title='bbox 1038 1297 1161 1359; x_wconf 77' lang='lat' dir='ltr'><strong>Graece</strong></span> <span class='ocrx_word' id='word_1_83' title='bbox 1176 1299 1318 1377; x_wconf 85' lang='lat' dir='ltr'><strong>scripsis-</strong></span> 
     </span>
     <span class='ocr_line' id='line_1_11' title="bbox 171 1397 1366 1478; baseline -0.003 -18"><span class='ocrx_word' id='word_1_84' title='bbox 171 1411 255 1475; x_wconf 87' lang='lat' dir='ltr'><strong>sent,</strong></span> <span class='ocrx_word' id='word_1_85' title='bbox 275 1419 338 1461; x_wconf 90' lang='lat' dir='ltr'><strong>non</strong></span> <span class='ocrx_word' id='word_1_86' title='bbox 359 1399 467 1478; x_wconf 85' lang='lat' dir='ltr'><strong>potuit</strong></span> <span class='ocrx_word' id='word_1_87' title='bbox 483 1398 559 1458; x_wconf 88' lang='lat' dir='ltr'><strong>alibi</strong></span> <span class='ocrx_word' id='word_1_88' title='bbox 577 1398 691 1459; x_wconf 85' lang='lat' dir='ltr'><strong>mentio</strong></span> <span class='ocrx_word' id='word_1_89' title='bbox 710 1398 786 1459; x_wconf 77' lang='lat' dir='ltr'><strong>fieri.</strong></span> <span class='ocrx_word' id='word_1_90' title='bbox 824 1397 863 1457; x_wconf 80' lang='lat' dir='ltr'><strong>ad</strong></span> <span class='ocrx_word' id='word_1_91' title='bbox 886 1397 1017 1459; x_wconf 82' lang='lat' dir='ltr'><strong>eandem</strong></span> <span class='ocrx_word' id='word_1_92' title='bbox 1038 1399 1131 1477; x_wconf 86' lang='lat' dir='ltr'><strong>igitur</strong></span> <span class='ocrx_word' id='word_1_93' title='bbox 1150 1397 1319 1460; x_wconf 77' lang='lat' dir='ltr'><strong>referende</strong></span> <span class='ocrx_word' id='word_1_94' title='bbox 1363 1466 1366 1471; x_wconf 27' lang='lat'>¹</span> 
     </span>
     <span class='ocr_line' id='line_1_12' title="bbox 165 1480 1318 1581; baseline -0.001 -21"><span class='ocrx_word' id='word_1_95' title='bbox 165 1502 313 1561; x_wconf 73' lang='lat' dir='ltr'><strong>‘existimo</strong></span> <span class='ocrx_word' id='word_1_96' title='bbox 336 1520 417 1581; x_wconf 86' lang='lat' dir='ltr'><strong>quac</strong></span> <span class='ocrx_word' id='word_1_97' title='bbox 438 1499 478 1560; x_wconf 88' lang='lat' dir='ltr'><strong>de</strong></span> <span class='ocrx_word' id='word_1_98' title='bbox 501 1499 604 1561; x_wconf 81' lang='lat' dir='ltr'><strong>exiliis</strong></span> <span class='ocrx_word' id='word_1_99' title='bbox 623 1480 773 1561; x_wconf 71' lang='lat' dir='ltr'><strong>Anaiilai</strong></span> <span class='ocrx_word' id='word_1_100' title='bbox 796 1499 922 1580; x_wconf 81' lang='lat' dir='ltr'><strong>(fragm.</strong></span> <span class='ocrx_word' id='word_1_101' title='bbox 943 1498 1021 1578; x_wconf 77' lang='lat'><strong>81¹⁸)</strong></span> <span class='ocrx_word' id='word_1_102' title='bbox 1043 1508 1077 1560; x_wconf 85' lang='lat' dir='ltr'><strong>et</strong></span> <span class='ocrx_word' id='word_1_103' title='bbox 1097 1500 1221 1561; x_wconf 84' lang='lat' dir='ltr'><strong>Musoni</strong></span> <span class='ocrx_word' id='word_1_104' title='bbox 1246 1499 1318 1560; x_wconf 81' lang='lat' dir='ltr'><strong>Rufi</strong></span> 
     </span>
     <span class='ocr_line' id='line_1_13' title="bbox 173 1600 1317 1684; baseline -0.001 -22"><span class='ocrx_word' id='word_1_105' title='bbox 173 1603 296 1682; x_wconf 85' lang='lat' dir='ltr'><strong>(fragm.</strong></span> <span class='ocrx_word' id='word_1_106' title='bbox 312 1601 387 1681; x_wconf 51' lang='grc' dir='ltr'><strong>δῖ’)</strong></span> <span class='ocrx_word' id='word_1_107' title='bbox 411 1602 494 1683; x_wconf 83' lang='lat' dir='ltr'><strong>apud</strong></span> <span class='ocrx_word' id='word_1_108' title='bbox 516 1602 738 1684; x_wconf 79' lang='lat' dir='ltr'><strong>Hieronymum</strong></span> <span class='ocrx_word' id='word_1_109' title='bbox 756 1611 937 1676; x_wconf 73' lang='lat' dir='ltr'><strong>manantur,</strong></span> <span class='ocrx_word' id='word_1_110' title='bbox 958 1621 1086 1682; x_wconf 88' lang='lat' dir='ltr'><strong>quorum</strong></span> <span class='ocrx_word' id='word_1_111' title='bbox 1107 1602 1162 1662; x_wconf 88' lang='lat' dir='ltr'><strong>ille</strong></span> <span class='ocrx_word' id='word_1_112' title='bbox 1178 1600 1317 1661; x_wconf 83' lang='lat' dir='ltr'><strong>Graecus</strong></span> 
     </span>
     <span class='ocr_line' id='line_1_14' title="bbox 171 1702 1316 1789; baseline -0.002 -25"><span class='ocrx_word' id='word_1_113' title='bbox 171 1705 247 1778; x_wconf 83' lang='lat' dir='ltr'><strong>fnit,</strong></span> <span class='ocrx_word' id='word_1_114' title='bbox 274 1704 324 1765; x_wconf 87' lang='lat' dir='ltr'><strong>hic</strong></span> <span class='ocrx_word' id='word_1_115' title='bbox 346 1705 442 1765; x_wconf 87' lang='lat' dir='ltr'><strong>Tusci</strong></span> <span class='ocrx_word' id='word_1_116' title='bbox 469 1703 592 1786; x_wconf 84' lang='lat' dir='ltr'><strong>quidem</strong></span> <span class='ocrx_word' id='word_1_117' title='bbox 613 1705 751 1781; x_wconf 83' lang='lat' dir='ltr'><strong>generis,</strong></span> <span class='ocrx_word' id='word_1_118' title='bbox 773 1702 830 1763; x_wconf 91' lang='lat' dir='ltr'><strong>sed</strong></span> <span class='ocrx_word' id='word_1_119' title='bbox 853 1703 974 1765; x_wconf 71' lang='lat' dir='ltr'><strong>Graece</strong></span> <span class='ocrx_word' id='word_1_120' title='bbox 998 1703 1232 1789; x_wconf 80' lang='lat' dir='ltr'><strong>philosophatus</strong></span> <span class='ocrx_word' id='word_1_121' title='bbox 1259 1712 1316 1763; x_wconf 86' lang='lat' dir='ltr'><strong>cst.</strong></span> 
     </span>
     <span class='ocr_line' id='line_1_15' title="bbox 171 1803 1317 1886; baseline 0 -21"><span class='ocrx_word' id='word_1_122' title='bbox 171 1806 232 1865; x_wconf 91' lang='lat' dir='ltr'><strong>iam</strong></span> <span class='ocrx_word' id='word_1_123' title='bbox 250 1807 334 1883; x_wconf 88' lang='lat' dir='ltr'><strong>magi</strong></span> <span class='ocrx_word' id='word_1_124' title='bbox 350 1807 524 1886; x_wconf 75' lang='lat' dir='ltr'><strong>epitheton,</strong></span> <span class='ocrx_word' id='word_1_125' title='bbox 548 1803 629 1886; x_wconf 85' lang='lat' dir='ltr'><strong>quod</strong></span> <span class='ocrx_word' id='word_1_126' title='bbox 651 1804 809 1867; x_wconf 84' lang='lat' dir='ltr'><strong>Anaxilao</strong></span> <span class='ocrx_word' id='word_1_127' title='bbox 824 1804 1030 1886; x_wconf 84' lang='lat' dir='ltr'><strong>Hieronymus</strong></span> <span class='ocrx_word' id='word_1_128' title='bbox 1051 1803 1153 1881; x_wconf 83' lang='lat' dir='ltr'><strong>dedit,</strong></span> <span class='ocrx_word' id='word_1_129' title='bbox 1178 1821 1242 1864; x_wconf 87' lang='lat' dir='ltr'><strong>nnn</strong></span> <span class='ocrx_word' id='word_1_130' title='bbox 1264 1804 1317 1865; x_wconf 89' lang='lat' dir='ltr'><strong>de·</strong></span> 
     </span>
     <span class='ocr_line' id='line_1_16' title="bbox 172 1905 1319 1988; baseline 0.001 -23"><span class='ocrx_word' id='word_1_131' title='bbox 172 1905 267 1966; x_wconf 85' lang='lat' dir='ltr'><strong>bebat</strong></span> <span class='ocrx_word' id='word_1_132' title='bbox 282 1907 471 1967; x_wconf 84' lang='lat' dir='ltr'><strong>Mommseuo</strong></span> <span class='ocrx_word' id='word_1_133' title='bbox 488 1906 509 1968; x_wconf 91' lang='lat'><strong>1.</strong></span> <span class='ocrx_word' id='word_1_134' title='bbox 523 1925 549 1966; x_wconf 87' lang='lat' dir='ltr'><strong>c.</strong></span> <span class='ocrx_word' id='word_1_135' title='bbox 566 1927 596 1986; x_wconf 87' lang='lat' dir='ltr'><strong>p.</strong></span> <span class='ocrx_word' id='word_1_136' title='bbox 608 1914 660 1971; x_wconf 81' lang='grc'><strong>679</strong></span> <span class='ocrx_word' id='word_1_137' title='bbox 677 1907 784 1968; x_wconf 86' lang='lat' dir='ltr'><strong>mirum</strong></span> <span class='ocrx_word' id='word_1_138' title='bbox 799 1905 1066 1988; x_wconf 72' lang='lat' dir='ltr'><strong>videri-quoniam</strong></span> <span class='ocrx_word' id='word_1_139' title='bbox 1082 1915 1208 1968; x_wconf 82' lang='lat' dir='ltr'><strong>veteres</strong></span> <span class='ocrx_word' id='word_1_140' title='bbox 1222 1908 1319 1987; x_wconf 86' lang='lat' dir='ltr'><strong>scrip·</strong></span> 
     </span>
    </p>
   </div>
   <div class='ocr_carea' id='block_1_5' title="bbox 111 2003 1323 2494">
    <p class='ocr_par' dir='ltr' id='par_1_5' title="bbox 111 2003 1323 2494">
     <span class='ocr_line' id='line_1_17' title="bbox 172 2003 1320 2089; baseline 0.002 -24"><span class='ocrx_word' id='word_1_141' title='bbox 172 2015 254 2066; x_wconf 88' lang='lat' dir='ltr'><strong>tores</strong></span> <span class='ocrx_word' id='word_1_142' title='bbox 276 2017 310 2083; x_wconf 81' lang='lat' dir='ltr'><strong>ut</strong></span> <span class='ocrx_word' id='word_1_143' title='bbox 324 2005 440 2068; x_wconf 84' lang='lat' dir='ltr'><strong>Sextus</strong></span> <span class='ocrx_word' id='word_1_144' title='bbox 455 2007 627 2087; x_wconf 80' lang='lat' dir='ltr'><strong>Empiricns</strong></span> <span class='ocrx_word' id='word_1_145' title='bbox 645 2007 788 2089; x_wconf 80' lang='lat' dir='ltr'><strong>Pyrrh-I</strong></span> <span class='ocrx_word' id='word_1_146' title='bbox 804 2008 872 2068; x_wconf 86' lang='lat' dir='ltr'><strong>init.</strong></span> <span class='ocrx_word' id='word_1_147' title='bbox 887 2007 1007 2071; x_wconf 79' lang='lat' dir='ltr'><strong>Plinius</strong></span> <span class='ocrx_word' id='word_1_148' title='bbox 1029 2003 1158 2069; x_wconf 82' lang='lat' dir='ltr'>XXXV</span> <span class='ocrx_word' id='word_1_149' title='bbox 1176 2016 1228 2073; x_wconf 79' lang='lat'><strong>1⁷6</strong></span> <span class='ocrx_word' id='word_1_150' title='bbox 1247 2009 1320 2068; x_wconf 86' lang='lat' dir='ltr'><strong>huic</strong></span> 
     </span>
     <span class='ocr_line' id='line_1_18' title="bbox 111 2106 1321 2191; baseline 0.002 -24"><span class='ocrx_word' id='word_1_151' title='bbox 111 2141 113 2145; x_wconf 95' lang='lat'>·</span> <span class='ocrx_word' id='word_1_152' title='bbox 170 2106 353 2188; x_wconf 89' lang='lat' dir='ltr'><strong>philosopho</strong></span> <span class='ocrx_word' id='word_1_153' title='bbox 377 2108 507 2169; x_wconf 87' lang='lat' dir='ltr'><strong>eandem</strong></span> <span class='ocrx_word' id='word_1_154' title='bbox 529 2110 603 2170; x_wconf 88' lang='lat' dir='ltr'><strong>artis</strong></span> <span class='ocrx_word' id='word_1_155' title='bbox 623 2109 877 2188; x_wconf 85' lang='lat' dir='ltr'><strong>significationem</strong></span> <span class='ocrx_word' id='word_1_156' title='bbox 898 2109 1014 2171; x_wconf 83' lang='lat' dir='ltr'><strong>addere</strong></span> <span class='ocrx_word' id='word_1_157' title='bbox 1038 2111 1150 2170; x_wconf 87' lang='lat' dir='ltr'><strong>solent.</strong></span> <span class='ocrx_word' id='word_1_158' title='bbox 1192 2111 1321 2191; x_wconf 76' lang='lat' dir='ltr'><strong>sumpsit</strong></span> 
     </span>
     <span class='ocr_line' id='line_1_19' title="bbox 171 2209 1321 2299; baseline 0.003 -31"><span class='ocrx_word' id='word_1_159' title='bbox 171 2218 276 2269; x_wconf 80' lang='lat' dir='ltr'><strong>autem</strong></span> <span class='ocrx_word' id='word_1_160' title='bbox 294 2209 326 2269; x_wconf 92' lang='lat' dir='ltr'><strong>ni</strong></span> <span class='ocrx_word' id='word_1_161' title='bbox 348 2210 440 2271; x_wconf 85' lang='lat' dir='ltr'><strong>fallor</strong></span> <span class='ocrx_word' id='word_1_162' title='bbox 461 2211 710 2290; x_wconf 73' lang='lat' dir='ltr'><strong>chronographus</strong></span> <span class='ocrx_word' id='word_1_163' title='bbox 733 2231 801 2271; x_wconf 85' lang='lat' dir='ltr'><strong>earn</strong></span> <span class='ocrx_word' id='word_1_164' title='bbox 822 2230 864 2271; x_wconf 80' lang='lat' dir='ltr'><strong>ex</strong></span> <span class='ocrx_word' id='word_1_165' title='bbox 882 2210 984 2299; x_wconf 76' lang='lat' dir='ltr'><strong>edicto</strong></span> <span class='ocrx_word' id='word_1_166' title='bbox 1006 2210 1076 2286; x_wconf 89' lang='lat' dir='ltr'><strong>illo,</strong></span> <span class='ocrx_word' id='word_1_167' title='bbox 1097 2225 1158 2292; x_wconf 87' lang='lat' dir='ltr'><strong>quo</strong></span> <span class='ocrx_word' id='word_1_168' title='bbox 1180 2211 1321 2291; x_wconf 75' lang='lat' dir='ltr'><strong>Agrippa</strong></span> 
     </span>
     <span class='ocr_line' id='line_1_20' title="bbox 173 2310 1320 2392; baseline 0.001 -20"><span class='ocrx_word' id='word_1_169' title='bbox 173 2310 404 2373; x_wconf 76' lang='lat' dir='ltr'><strong>mathematicos</strong></span> <span class='ocrx_word' id='word_1_170' title='bbox 426 2321 458 2374; x_wconf 90' lang='lat' dir='ltr'><strong>ct</strong></span> <span class='ocrx_word' id='word_1_171' title='bbox 479 2332 583 2391; x_wconf 84' lang='lat' dir='ltr'><strong>magos</strong></span> <span class='ocrx_word' id='word_1_172' title='bbox 604 2313 657 2374; x_wconf 81' lang='lat' dir='ltr'><strong>rel</strong></span> <span class='ocrx_word' id='word_1_173' title='bbox 671 2322 706 2374; x_wconf 88' lang='lat' dir='ltr'><strong>ut</strong></span> <span class='ocrx_word' id='word_1_174' title='bbox 722 2313 845 2392; x_wconf 83' lang='lat' dir='ltr'><strong>graecis</strong></span> <span class='ocrx_word' id='word_1_175' title='bbox 857 2310 956 2373; x_wconf 36' lang='lat' dir='ltr'><strong>&lt;cassi</strong></span> <span class='ocrx_word' id='word_1_176' title='bbox 971 2313 1081 2373; x_wconf 81' lang='lat' dir='ltr'><strong>Dionia</strong></span> <span class='ocrx_word' id='word_1_177' title='bbox 1094 2323 1144 2387; x_wconf 76' lang='lat'><strong>49.</strong></span> <span class='ocrx_word' id='word_1_178' title='bbox 1159 2322 1196 2377; x_wconf 72' lang='lat'><strong>43</strong></span> <span class='ocrx_word' id='word_1_179' title='bbox 1217 2314 1320 2374; x_wconf 80' lang='lat' dir='ltr'><strong>verbis</strong></span> 
     </span>
     <span class='ocr_line' id='line_1_21' title="bbox 173 2402 1323 2494; baseline 0.001 -21"><span class='ocrx_word' id='word_1_180' title='bbox 173 2422 243 2473; x_wconf 87' lang='lat' dir='ltr'><strong>utar</strong></span> <span class='ocrx_word' id='word_1_181' title='bbox 264 2402 335 2484; x_wconf 68' lang='lat' dir='ltr'><strong>roric</strong></span> <span class='ocrx_word' id='word_1_182' title='bbox 356 2405 557 2493; x_wconf 77' lang='grc' dir='ltr'><em>ἆστρολόγους</em></span> <span class='ocrx_word' id='word_1_183' title='bbox 580 2405 651 2484; x_wconf 76' lang='grc' dir='ltr'><strong>τούς</strong></span> <span class='ocrx_word' id='word_1_184' title='bbox 671 2433 702 2473; x_wconf 85' lang='lat' dir='ltr'><strong>rs</strong></span> <span class='ocrx_word' id='word_1_185' title='bbox 727 2404 835 2492; x_wconf 69' lang='grc' dir='ltr'><strong><em>γόητας</em></strong></span> <span class='ocrx_word' id='word_1_186' title='bbox 855 2414 931 2475; x_wconf 88' lang='lat' dir='ltr'><strong>urbe</strong></span> <span class='ocrx_word' id='word_1_187' title='bbox 959 2413 1094 2494; x_wconf 78' lang='lat' dir='ltr'><strong>expulit·</strong></span> <span class='ocrx_word' id='word_1_188' title='bbox 1130 2413 1217 2474; x_wconf 87' lang='lat' dir='ltr'><strong>idem</strong></span> <span class='ocrx_word' id='word_1_189' title='bbox 1237 2413 1323 2474; x_wconf 85' lang='lat' dir='ltr'><strong>cadit</strong></span> 
     </span>
    </p>
   </div>
   <div class='ocr_carea' id='block_1_6' title="bbox 115 2513 1329 4325">
    <p class='ocr_par' dir='ltr' id='par_1_6' title="bbox 115 2513 1329 4325">
     <span class='ocr_line' id='line_1_22' title="bbox 173 2513 1322 2596; baseline -0.001 -21"><span class='ocrx_word' id='word_1_190' title='bbox 173 2517 205 2575; x_wconf 94' lang='lat' dir='ltr'><strong>in</strong></span> <span class='ocrx_word' id='word_1_191' title='bbox 230 2513 388 2594; x_wconf 83' lang='lat' dir='ltr'><strong>Nigidium</strong></span> <span class='ocrx_word' id='word_1_192' title='bbox 413 2515 558 2595; x_wconf 82' lang='lat' dir='ltr'><strong>Figulum</strong></span> <span class='ocrx_word' id='word_1_193' title='bbox 587 2515 716 2595; x_wconf 82' lang='lat' dir='ltr'><strong>(fragm.</strong></span> <span class='ocrx_word' id='word_1_194' title='bbox 740 2515 835 2595; x_wconf 66' lang='lat'>85²²),</span> <span class='ocrx_word' id='word_1_195' title='bbox 870 2516 961 2575; x_wconf 83' lang='lat' dir='ltr'><strong>cuius·</strong></span> <span class='ocrx_word' id='word_1_196' title='bbox 989 2515 1088 2575; x_wconf 85' lang='lat' dir='ltr'><strong>altera</strong></span> <span class='ocrx_word' id='word_1_197' title='bbox 1118 2515 1322 2596; x_wconf 70' lang='lat' dir='ltr'><strong>Pythagorici</strong></span> 
     </span>
     <span class='ocr_line' id='line_1_23' title="bbox 175 2614 1321 2698; baseline -0.001 -21"><span class='ocrx_word' id='word_1_198' title='bbox 175 2619 396 2696; x_wconf 77' lang='lat' dir='ltr'><strong>cognominatio</strong></span> <span class='ocrx_word' id='word_1_199' title='bbox 421 2627 455 2678; x_wconf 90' lang='lat' dir='ltr'><strong>ut</strong></span> <span class='ocrx_word' id='word_1_200' title='bbox 483 2614 542 2698; x_wconf 89' lang='lat' dir='ltr'><strong>ipsi</strong></span> <span class='ocrx_word' id='word_1_201' title='bbox 565 2638 635 2678; x_wconf 92' lang='lat' dir='ltr'><strong>cum</strong></span> <span class='ocrx_word' id='word_1_202' title='bbox 659 2617 822 2678; x_wconf 82' lang='lat' dir='ltr'><strong>Larissaco</strong></span> <span class='ocrx_word' id='word_1_203' title='bbox 851 2617 1032 2697; x_wconf 88' lang='lat' dir='ltr'><strong>philosopho</strong></span> <span class='ocrx_word' id='word_1_204' title='bbox 1067 2618 1235 2677; x_wconf 87' lang='lat' dir='ltr'><strong>communis</strong></span> <span class='ocrx_word' id='word_1_205' title='bbox 1264 2627 1321 2690; x_wconf 85' lang='lat' dir='ltr'><strong>est,</strong></span> 
     </span>
     <span class='ocr_line' id='line_1_24' title="bbox 174 2718 1323 2780; baseline -0.003 -2"><span class='ocrx_word' id='word_1_206' title='bbox 174 2719 218 2778; x_wconf 90' lang='lat' dir='ltr'><strong>ita</strong></span> <span class='ocrx_word' id='word_1_207' title='bbox 236 2718 408 2779; x_wconf 82' lang='lat' dir='ltr'><strong>Sextiorum</strong></span> <span class='ocrx_word' id='word_1_208' title='bbox 427 2739 484 2779; x_wconf 88' lang='lat' dir='ltr'><strong>nos</strong></span> <span class='ocrx_word' id='word_1_209' title='bbox 506 2718 655 2778; x_wconf 85' lang='lat' dir='ltr'><strong>admonet</strong></span> <span class='ocrx_word' id='word_1_210' title='bbox 692 2719 750 2779; x_wconf 87' lang='lat' dir='ltr'><strong>fnit</strong></span> <span class='ocrx_word' id='word_1_211' title='bbox 771 2720 851 2780; x_wconf 92' lang='lat' dir='ltr'><strong>idem</strong></span> <span class='ocrx_word' id='word_1_212' title='bbox 873 2739 1004 2779; x_wconf 87' lang='lat' dir='ltr'><strong>summus</strong></span> <span class='ocrx_word' id='word_1_213' title='bbox 1020 2737 1120 2778; x_wconf 88' lang='lat' dir='ltr'><strong>rerum</strong></span> <span class='ocrx_word' id='word_1_214' title='bbox 1136 2720 1323 2780; x_wconf 79' lang='lat' dir='ltr'><strong>naturalium</strong></span> 
     </span>
     <span class='ocr_line' id='line_1_25' title="bbox 175 2819 1321 2900; baseline 0.002 -22"><span class='ocrx_word' id='word_1_215' title='bbox 175 2821 345 2898; x_wconf 88' lang='lat' dir='ltr'><strong>indagator.</strong></span> <span class='ocrx_word' id='word_1_216' title='bbox 379 2822 503 2880; x_wconf 87' lang='lat' dir='ltr'><strong>Marcus</strong></span> <span class='ocrx_word' id='word_1_217' title='bbox 525 2841 597 2880; x_wconf 90' lang='lat' dir='ltr'><strong>vero</strong></span> <span class='ocrx_word' id='word_1_218' title='bbox 618 2822 782 2881; x_wconf 82' lang='lat' dir='ltr'><strong>Terentius</strong></span> <span class='ocrx_word' id='word_1_219' title='bbox 800 2823 897 2882; x_wconf 88' lang='lat' dir='ltr'><strong>Varro</strong></span> <span class='ocrx_word' id='word_1_220' title='bbox 913 2819 1103 2900; x_wconf 89' lang='lat' dir='ltr'><strong>philosophis</strong></span> <span class='ocrx_word' id='word_1_221' title='bbox 1125 2821 1206 2899; x_wconf 89' lang='lat' dir='ltr'><strong>quod</strong></span> <span class='ocrx_word' id='word_1_222' title='bbox 1225 2820 1321 2880; x_wconf 88' lang='lat' dir='ltr'><strong>aduu-</strong></span> 
     </span>
     <span class='ocr_line' id='line_1_26' title="bbox 115 2906 1326 3002; baseline 0.005 -22"><span class='ocrx_word' id='word_1_223' title='bbox 115 2910 118 2915; x_wconf 50' lang='grc'><em>’</em></span> <span class='ocrx_word' id='word_1_224' title='bbox 176 2931 309 2981; x_wconf 89' lang='lat' dir='ltr'><strong>meratus</strong></span> <span class='ocrx_word' id='word_1_225' title='bbox 325 2931 372 2981; x_wconf 92' lang='lat' dir='ltr'><strong>est</strong></span> <span class='ocrx_word' id='word_1_226' title='bbox 395 2921 518 3001; x_wconf 79' lang='lat' dir='ltr'><strong>(fragm.</strong></span> <span class='ocrx_word' id='word_1_227' title='bbox 536 2924 598 2986; x_wconf 77' lang='lat'><strong>83*</strong></span> <span class='ocrx_word' id='word_1_228' title='bbox 613 2921 699 3000; x_wconf 66' lang='lat'><strong>84³⁸),</strong></span> <span class='ocrx_word' id='word_1_229' title='bbox 719 2925 832 3002; x_wconf 88' lang='lat' dir='ltr'><strong>optime</strong></span> <span class='ocrx_word' id='word_1_230' title='bbox 848 2906 1010 2983; x_wconf 84' lang='lat' dir='ltr'><strong>adiuvatur</strong></span> <span class='ocrx_word' id='word_1_231' title='bbox 1025 2922 1211 3000; x_wconf 82' lang='lat' dir='ltr'><strong>Quintiliani</strong></span> <span class='ocrx_word' id='word_1_232' title='bbox 1227 2924 1242 2982; x_wconf 95' lang='lat' dir='ltr'>I</span> <span class='ocrx_word' id='word_1_233' title='bbox 1258 2933 1326 2996; x_wconf 61' lang='grc' dir='ltr'>Μ</span> 
     </span>
     <span class='ocr_line' id='line_1_27' title="bbox 176 3024 1323 3099; baseline 0.001 -18"><span class='ocrx_word' id='word_1_234' title='bbox 176 3024 396 3083; x_wconf 87' lang='lat' dir='ltr'><strong>testimonium:</strong></span> <span class='ocrx_word' id='word_1_235' title='bbox 422 3027 607 3099; x_wconf 81' lang='lat' dir='ltr'><strong>Empedoclen</strong></span> <span class='ocrx_word' id='word_1_236' title='bbox 631 3029 659 3082; x_wconf 82' lang='lat' dir='ltr'><strong>in</strong></span> <span class='ocrx_word' id='word_1_237' title='bbox 675 3029 804 3093; x_wconf 72' lang='lat' dir='ltr'><strong>Graecis,</strong></span> <span class='ocrx_word' id='word_1_238' title='bbox 828 3028 983 3083; x_wconf 81' lang='lat' dir='ltr'><strong>Varronem</strong></span> <span class='ocrx_word' id='word_1_239' title='bbox 1002 3042 1037 3081; x_wconf 83' lang='lat' dir='ltr'><strong>uc</strong></span> <span class='ocrx_word' id='word_1_240' title='bbox 1051 3027 1210 3082; x_wconf 68' lang='lat' dir='ltr'><strong>demetiam</strong></span> <span class='ocrx_word' id='word_1_241' title='bbox 1224 3029 1252 3082; x_wconf 83' lang='lat' dir='ltr'><strong>io</strong></span> <span class='ocrx_word' id='word_1_242' title='bbox 1267 3029 1323 3084; x_wconf 82' lang='lat' dir='ltr'><strong>Lc—</strong></span> 
     </span>
     <span class='ocr_line' id='line_1_28' title="bbox 176 3124 1325 3202; baseline 0.006 -21"><span class='ocrx_word' id='word_1_243' title='bbox 176 3129 253 3196; x_wconf 82' lang='lat' dir='ltr'><strong>tr&#39;m&#39;s‚</strong></span> <span class='ocrx_word' id='word_1_244' title='bbox 275 3128 323 3198; x_wconf 80' lang='lat' dir='ltr'><strong>qui</strong></span> <span class='ocrx_word' id='word_1_245' title='bbox 339 3136 494 3202; x_wconf 79' lang='lat' dir='ltr'><strong>praecepto</strong></span> <span class='ocrx_word' id='word_1_246' title='bbox 517 3131 670 3201; x_wconf 78' lang='lat' dir='ltr'><strong>sapientiae</strong></span> <span class='ocrx_word' id='word_1_247' title='bbox 690 3129 818 3184; x_wconf 78' lang='lat' dir='ltr'><strong>uerrihrrs</strong></span> <span class='ocrx_word' id='word_1_248' title='bbox 838 3128 1020 3184; x_wconf 79' lang='lat' dir='ltr'><strong>tradiderunt.</strong></span> <span class='ocrx_word' id='word_1_249' title='bbox 1058 3126 1097 3184; x_wconf 88' lang='lat' dir='ltr'><strong>cs.</strong></span> <span class='ocrx_word' id='word_1_250' title='bbox 1123 3124 1231 3201; x_wconf 80' lang='lat' dir='ltr'><strong>fragm.</strong></span> <span class='ocrx_word' id='word_1_251' title='bbox 1257 3128 1325 3188; x_wconf 67' lang='lat' dir='ltr'><strong>lte*</strong></span> 
     </span>
     <span class='ocr_line' id='line_1_29' title="bbox 176 3226 1325 3306; baseline -0.001 -19"><span class='ocrx_word' id='word_1_252' title='bbox 176 3247 206 3304; x_wconf 84' lang='lat' dir='ltr'><strong>p·</strong></span> <span class='ocrx_word' id='word_1_253' title='bbox 230 3234 289 3289; x_wconf 81' lang='lat'><strong>197.</strong></span> <span class='ocrx_word' id='word_1_254' title='bbox 331 3226 412 3306; x_wconf 89' lang='lat' dir='ltr'><strong>quod</strong></span> <span class='ocrx_word' id='word_1_255' title='bbox 432 3247 555 3287; x_wconf 89' lang='lat' dir='ltr'><strong>carmen</strong></span> <span class='ocrx_word' id='word_1_256' title='bbox 584 3247 651 3286; x_wconf 90' lang='lat' dir='ltr'><strong>cnm</strong></span> <span class='ocrx_word' id='word_1_257' title='bbox 673 3226 711 3286; x_wconf 89' lang='lat' dir='ltr'><strong>de</strong></span> <span class='ocrx_word' id='word_1_258' title='bbox 738 3237 848 3286; x_wconf 87' lang='lat' dir='ltr'><strong>natura</strong></span> <span class='ocrx_word' id='word_1_259' title='bbox 871 3247 971 3286; x_wconf 89' lang='lat' dir='ltr'><strong>rerum</strong></span> <span class='ocrx_word' id='word_1_260' title='bbox 993 3227 1140 3306; x_wconf 88' lang='lat' dir='ltr'><strong>scriptum</strong></span> <span class='ocrx_word' id='word_1_261' title='bbox 1160 3227 1257 3287; x_wconf 83' lang='lat' dir='ltr'><strong>fnisse</strong></span> <span class='ocrx_word' id='word_1_262' title='bbox 1280 3229 1325 3286; x_wconf 87' lang='lat' dir='ltr'><strong>vi·</strong></span> 
     </span>
     <span class='ocr_line' id='line_1_30' title="bbox 177 3324 1326 3409; baseline 0.002 -23"><span class='ocrx_word' id='word_1_263' title='bbox 177 3326 301 3401; x_wconf 84' lang='lat' dir='ltr'><strong>dentur,</strong></span> <span class='ocrx_word' id='word_1_264' title='bbox 330 3329 461 3389; x_wconf 87' lang='lat' dir='ltr'><strong>eandem</strong></span> <span class='ocrx_word' id='word_1_265' title='bbox 488 3328 656 3389; x_wconf 89' lang='lat' dir='ltr'><strong>studiorum</strong></span> <span class='ocrx_word' id='word_1_266' title='bbox 684 3330 833 3388; x_wconf 88' lang='lat' dir='ltr'><strong>rationem</strong></span> <span class='ocrx_word' id='word_1_267' title='bbox 861 3332 969 3389; x_wconf 88' lang='lat' dir='ltr'><strong>iterum</strong></span> <span class='ocrx_word' id='word_1_268' title='bbox 993 3324 1202 3406; x_wconf 78' lang='lat' dir='ltr'><strong>agnoscimus,</strong></span> <span class='ocrx_word' id='word_1_269' title='bbox 1231 3349 1326 3409; x_wconf 90' lang='lat' dir='ltr'><strong>quam</strong></span> 
     </span>
     <span class='ocr_line' id='line_1_31' title="bbox 178 3429 1327 3511; baseline 0 -21"><span class='ocrx_word' id='word_1_270' title='bbox 178 3430 279 3490; x_wconf 86' lang='lat' dir='ltr'><strong>Sextii</strong></span> <span class='ocrx_word' id='word_1_271' title='bbox 290 3433 445 3508; x_wconf 89' lang='lat' dir='ltr'><strong>persecuti</strong></span> <span class='ocrx_word' id='word_1_272' title='bbox 457 3442 535 3491; x_wconf 85' lang='lat' dir='ltr'><strong>sunt</strong></span> <span class='ocrx_word' id='word_1_273' title='bbox 564 3429 694 3490; x_wconf 92' lang='lat' dir='ltr'><strong>eundem</strong></span> <span class='ocrx_word' id='word_1_274' title='bbox 710 3431 950 3509; x_wconf 83' lang='lat' dir='ltr'><strong>Pythagoricum</strong></span> <span class='ocrx_word' id='word_1_275' title='bbox 963 3431 1058 3490; x_wconf 82' lang='lat' dir='ltr'><strong>fuisse</strong></span> <span class='ocrx_word' id='word_1_276' title='bbox 1075 3429 1228 3488; x_wconf 90' lang='lat' dir='ltr'><strong>mirabilia</strong></span> <span class='ocrx_word' id='word_1_277' title='bbox 1244 3450 1327 3511; x_wconf 84' lang='lat' dir='ltr'><strong>quae</strong></span> 
     </span>
     <span class='ocr_line' id='line_1_32' title="bbox 178 3530 1328 3612; baseline 0.002 -22"><span class='ocrx_word' id='word_1_278' title='bbox 178 3530 217 3590; x_wconf 90' lang='lat' dir='ltr'><strong>de</strong></span> <span class='ocrx_word' id='word_1_279' title='bbox 244 3533 378 3592; x_wconf 88' lang='lat' dir='ltr'><strong>numeris</strong></span> <span class='ocrx_word' id='word_1_280' title='bbox 406 3534 595 3612; x_wconf 86' lang='lat' dir='ltr'><strong>excogitavit</strong></span> <span class='ocrx_word' id='word_1_281' title='bbox 614 3533 707 3591; x_wconf 86' lang='lat' dir='ltr'><strong>facile</strong></span> <span class='ocrx_word' id='word_1_282' title='bbox 727 3533 923 3611; x_wconf 87' lang='lat' dir='ltr'><strong>persuadent.</strong></span> <span class='ocrx_word' id='word_1_283' title='bbox 962 3531 1095 3612; x_wconf 88' lang='lat' dir='ltr'><strong>deniqne</strong></span> <span class='ocrx_word' id='word_1_284' title='bbox 1118 3552 1180 3591; x_wconf 92' lang='lat' dir='ltr'><strong>uon</strong></span> <span class='ocrx_word' id='word_1_285' title='bbox 1203 3541 1328 3612; x_wconf 89' lang='lat' dir='ltr'><strong>poterat</strong></span> 
     </span>
     <span class='ocr_line' id='line_1_33' title="bbox 178 3622 1327 3713; baseline 0.002 -21"><span class='ocrx_word' id='word_1_286' title='bbox 178 3636 276 3713; x_wconf 84' lang='lat' dir='ltr'><strong>aptior</strong></span> <span class='ocrx_word' id='word_1_287' title='bbox 300 3636 331 3693; x_wconf 92' lang='lat' dir='ltr'><strong>in</strong></span> <span class='ocrx_word' id='word_1_288' title='bbox 354 3634 542 3694; x_wconf 77' lang='lat' dir='ltr'><strong>Suetoniano</strong></span> <span class='ocrx_word' id='word_1_289' title='bbox 565 3622 736 3694; x_wconf 69' lang='lat' dir='ltr'><strong>inlustrium</strong></span> <span class='ocrx_word' id='word_1_290' title='bbox 759 3635 891 3694; x_wconf 90' lang='lat' dir='ltr'><strong>virorum</strong></span> <span class='ocrx_word' id='word_1_291' title='bbox 917 3634 993 3693; x_wconf 84' lang='lat' dir='ltr'><strong>libro</strong></span> <span class='ocrx_word' id='word_1_292' title='bbox 1012 3633 1098 3692; x_wconf 86' lang='lat' dir='ltr'><strong>loeus</strong></span> <span class='ocrx_word' id='word_1_293' title='bbox 1114 3634 1142 3692; x_wconf 91' lang='lat' dir='ltr'><strong>ei</strong></span> <span class='ocrx_word' id='word_1_294' title='bbox 1158 3633 1327 3712; x_wconf 87' lang='lat' dir='ltr'><strong>adsignari,</strong></span> 
     </span>
     <span class='ocr_line' id='line_1_34' title="bbox 178 3735 1326 3815; baseline 0.001 -20"><span class='ocrx_word' id='word_1_295' title='bbox 178 3738 230 3815; x_wconf 89' lang='lat' dir='ltr'><strong>qni</strong></span> <span class='ocrx_word' id='word_1_296' title='bbox 243 3735 365 3814; x_wconf 81' lang='lat' dir='ltr'><strong>‘semper</strong></span> <span class='ocrx_word' id='word_1_297' title='bbox 382 3736 416 3795; x_wconf 88' lang='lat' dir='ltr'><strong>id</strong></span> <span class='ocrx_word' id='word_1_298' title='bbox 429 3738 556 3815; x_wconf 80' lang='lat' dir='ltr'><strong>egisset,</strong></span> <span class='ocrx_word' id='word_1_299' title='bbox 579 3746 611 3795; x_wconf 89' lang='lat' dir='ltr'><strong>ut</strong></span> <span class='ocrx_word' id='word_1_300' title='bbox 625 3737 720 3795; x_wconf 89' lang='lat' dir='ltr'><strong>vitam</strong></span> <span class='ocrx_word' id='word_1_301' title='bbox 743 3738 847 3815; x_wconf 90' lang='lat' dir='ltr'><strong>populi</strong></span> <span class='ocrx_word' id='word_1_302' title='bbox 865 3736 995 3795; x_wconf 87' lang='lat' dir='ltr'><strong>Romani</strong></span> <span class='ocrx_word' id='word_1_303' title='bbox 1011 3735 1050 3793; x_wconf 89' lang='lat' dir='ltr'><strong>ad</strong></span> <span class='ocrx_word' id='word_1_304' title='bbox 1070 3735 1264 3813; x_wconf 88' lang='lat' dir='ltr'><strong>antiquitatis</strong></span> <span class='ocrx_word' id='word_1_305' title='bbox 1286 3738 1326 3796; x_wconf 90' lang='lat' dir='ltr'><strong>ri·</strong></span> 
     </span>
     <span class='ocr_line' id='line_1_35' title="bbox 177 3836 1326 3919; baseline 0.001 -23"><span class='ocrx_word' id='word_1_306' title='bbox 177 3846 240 3896; x_wconf 88' lang='lat' dir='ltr'><strong>tum</strong></span> <span class='ocrx_word' id='word_1_307' title='bbox 263 3858 460 3919; x_wconf 86' lang='lat' dir='ltr'><strong>normamque</strong></span> <span class='ocrx_word' id='word_1_308' title='bbox 481 3848 654 3911; x_wconf 86' lang='lat' dir='ltr'><strong>revocaret,</strong></span> <span class='ocrx_word' id='word_1_309' title='bbox 681 3837 833 3917; x_wconf 86' lang='lat' dir='ltr'><strong>siqnidem</strong></span> <span class='ocrx_word' id='word_1_310' title='bbox 854 3838 999 3897; x_wconf 88' lang='lat' dir='ltr'><strong>Romanis</strong></span> <span class='ocrx_word' id='word_1_311' title='bbox 1021 3836 1215 3915; x_wconf 89' lang='lat' dir='ltr'><strong>philosophia</strong></span> <span class='ocrx_word' id='word_1_312' title='bbox 1239 3858 1326 3897; x_wconf 87' lang='lat' dir='ltr'><strong>nuru·</strong></span> 
     </span>
     <span class='ocr_line' id='line_1_36' title="bbox 178 3938 1329 4020; baseline 0.001 -22"><span class='ocrx_word' id='word_1_313' title='bbox 178 3959 269 4019; x_wconf 87' lang='lat' dir='ltr'><strong>quam</strong></span> <span class='ocrx_word' id='word_1_314' title='bbox 292 3938 375 3998; x_wconf 89' lang='lat' dir='ltr'><strong>aliud</strong></span> <span class='ocrx_word' id='word_1_315' title='bbox 400 3938 472 4019; x_wconf 91' lang='lat' dir='ltr'><strong>quid</strong></span> <span class='ocrx_word' id='word_1_316' title='bbox 494 3940 552 3999; x_wconf 81' lang='lat' dir='ltr'><strong>fuit</strong></span> <span class='ocrx_word' id='word_1_317' title='bbox 573 3960 663 4020; x_wconf 90' lang='lat' dir='ltr'><strong>quam</strong></span> <span class='ocrx_word' id='word_1_318' title='bbox 684 3943 767 3999; x_wconf 90' lang='lat' dir='ltr'><strong>vitae</strong></span> <span class='ocrx_word' id='word_1_319' title='bbox 792 3941 946 4018; x_wconf 87' lang='lat' dir='ltr'><strong>magistra.</strong></span> <span class='ocrx_word' id='word_1_320' title='bbox 991 3939 1138 4018; x_wconf 78' lang='lat' dir='ltr'><strong>physicus</strong></span> <span class='ocrx_word' id='word_1_321' title='bbox 1160 3938 1273 3998; x_wconf 89' lang='lat' dir='ltr'><strong>deinde</strong></span> <span class='ocrx_word' id='word_1_322' title='bbox 1296 3951 1329 3999; x_wconf 89' lang='lat' dir='ltr'><strong>ct</strong></span> 
     </span>
     <span class='ocr_line' id='line_1_37' title="bbox 179 4041 1327 4121; baseline -0.001 -19"><span class='ocrx_word' id='word_1_323' title='bbox 179 4041 354 4102; x_wconf 85' lang='lat' dir='ltr'><strong>Sextiornm</strong></span> <span class='ocrx_word' id='word_1_324' title='bbox 370 4041 534 4101; x_wconf 88' lang='lat' dir='ltr'><strong>admirator</strong></span> <span class='ocrx_word' id='word_1_325' title='bbox 556 4043 612 4100; x_wconf 87' lang='lat' dir='ltr'><strong>suit</strong></span> <span class='ocrx_word' id='word_1_326' title='bbox 631 4044 737 4101; x_wconf 82' lang='lat' dir='ltr'><strong>tertius</strong></span> <span class='ocrx_word' id='word_1_327' title='bbox 758 4042 973 4121; x_wconf 89' lang='lat' dir='ltr'><strong>philosophus,</strong></span> <span class='ocrx_word' id='word_1_328' title='bbox 996 4041 1034 4101; x_wconf 91' lang='lat' dir='ltr'><strong>de</strong></span> <span class='ocrx_word' id='word_1_329' title='bbox 1051 4042 1137 4100; x_wconf 85' lang='lat' dir='ltr'><strong>cuius</strong></span> <span class='ocrx_word' id='word_1_330' title='bbox 1162 4042 1226 4100; x_wconf 87' lang='lat' dir='ltr'><strong>vita</strong></span> <span class='ocrx_word' id='word_1_331' title='bbox 1249 4041 1327 4101; x_wconf 87' lang='lat' dir='ltr'><strong>Hie·</strong></span> 
     </span>
     <span class='ocr_line' id='line_1_38' title="bbox 178 4140 1325 4225; baseline 0 -22"><span class='ocrx_word' id='word_1_332' title='bbox 178 4163 321 4225; x_wconf 88' lang='lat' dir='ltr'><strong>ronymus</strong></span> <span class='ocrx_word' id='word_1_333' title='bbox 336 4144 510 4203; x_wconf 87' lang='lat' dir='ltr'><strong>notationes</strong></span> <span class='ocrx_word' id='word_1_334' title='bbox 528 4142 622 4202; x_wconf 86' lang='lat' dir='ltr'><strong>habet</strong></span> <span class='ocrx_word' id='word_1_335' title='bbox 640 4141 763 4220; x_wconf 84' lang='lat' dir='ltr'><strong>(fragm.</strong></span> <span class='ocrx_word' id='word_1_336' title='bbox 786 4144 844 4205; x_wconf 79' lang='lat'><strong>86*</strong></span> <span class='ocrx_word' id='word_1_337' title='bbox 858 4144 917 4206; x_wconf 77' lang='grc'><strong>88*</strong></span> <span class='ocrx_word' id='word_1_338' title='bbox 933 4140 1022 4224; x_wconf 69' lang='lat'><strong>89³⁸)2,</strong></span> <span class='ocrx_word' id='word_1_339' title='bbox 1044 4144 1078 4203; x_wconf 91' lang='lat' dir='ltr'><strong>L.</strong></span> <span class='ocrx_word' id='word_1_340' title='bbox 1096 4144 1246 4203; x_wconf 81' lang='lat' dir='ltr'><strong>Annaeus</strong></span> <span class='ocrx_word' id='word_1_341' title='bbox 1268 4142 1325 4203; x_wconf 89' lang='lat' dir='ltr'><strong>Se·</strong></span> 
     </span>
     <span class='ocr_line' id='line_1_39' title="bbox 178 4245 1327 4325; baseline 0.001 -22"><span class='ocrx_word' id='word_1_342' title='bbox 178 4265 266 4305; x_wconf 86' lang='lat' dir='ltr'><strong>neca.</strong></span> <span class='ocrx_word' id='word_1_343' title='bbox 299 4246 329 4303; x_wconf 91' lang='lat' dir='ltr'><strong>in</strong></span> <span class='ocrx_word' id='word_1_344' title='bbox 345 4265 405 4325; x_wconf 88' lang='lat' dir='ltr'><strong>qua</strong></span> <span class='ocrx_word' id='word_1_345' title='bbox 421 4245 614 4303; x_wconf 82' lang='lat' dir='ltr'><strong>Annaeorum</strong></span> <span class='ocrx_word' id='word_1_346' title='bbox 629 4246 761 4304; x_wconf 90' lang='lat' dir='ltr'><strong>omnium</strong></span> <span class='ocrx_word' id='word_1_347' title='bbox 777 4245 894 4304; x_wconf 87' lang='lat' dir='ltr'><strong>tristem</strong></span> <span class='ocrx_word' id='word_1_348' title='bbox 917 4247 1031 4303; x_wconf 86' lang='lat' dir='ltr'><strong>exitum</strong></span> <span class='ocrx_word' id='word_1_349' title='bbox 1045 4253 1202 4303; x_wconf 88' lang='lat' dir='ltr'><strong>narratum</strong></span> <span class='ocrx_word' id='word_1_350' title='bbox 1230 4245 1327 4304; x_wconf 88' lang='lat' dir='ltr'><strong>fuisse</strong></span> 
     </span>
    </p>
   </div>
   <div class='ocr_carea' id='block_1_7' title="bbox 67 4344 1325 4426">
    <p class='ocr_par' dir='ltr' id='par_1_7' title="bbox 67 4344 1325 4426">
     <span class='ocr_line' id='line_1_40' title="bbox 67 4344 1325 4426; baseline 0.002 -24"><span class='ocrx_word' id='word_1_351' title='bbox 67 4378 69 4382; x_wconf 63' lang='lat'>=</span> <span class='ocrx_word' id='word_1_352' title='bbox 179 4347 329 4426; x_wconf 89' lang='lat' dir='ltr'><strong>reliquiae</strong></span> <span class='ocrx_word' id='word_1_353' title='bbox 351 4344 529 4419; x_wconf 87' lang='lat' dir='ltr'><strong>ostendunt,</strong></span> <span class='ocrx_word' id='word_1_354' title='bbox 556 4346 717 4425; x_wconf 89' lang='lat' dir='ltr'><strong>inquibus</strong></span> <span class='ocrx_word' id='word_1_355' title='bbox 745 4367 811 4405; x_wconf 88' lang='lat' dir='ltr'><strong>cum</strong></span> <span class='ocrx_word' id='word_1_356' title='bbox 827 4345 931 4406; x_wconf 86' lang='lat' dir='ltr'><strong>Gallio</strong></span> <span class='ocrx_word' id='word_1_357' title='bbox 955 4345 1094 4406; x_wconf 88' lang='lat' dir='ltr'><strong>Senecae</strong></span> <span class='ocrx_word' id='word_1_358' title='bbox 1115 4345 1210 4404; x_wconf 87' lang='lat' dir='ltr'><strong>frater</strong></span> <span class='ocrx_word' id='word_1_359' title='bbox 1237 4365 1325 4424; x_wconf 88' lang='lat' dir='ltr'><strong>egre·</strong></span> 
     </span>
    </p>
   </div>
   <div class='ocr_carea' id='block_1_8' title="bbox 0 0 1503 5002">
    <p class='ocr_par' dir='ltr' id='par_1_8' title="bbox 0 0 1503 5002">
     <span class='ocr_line' id='line_1_41' title="bbox 0 0 1503 5002; baseline 0 0"><span class='ocrx_word' id='word_1_360' title='bbox 0 0 1503 5002; x_wconf 95' lang='lat' dir='ltr'><strong> </strong></span> 
     </span>
    </p>
   </div>
  </div>
 </body>
</html>
