2964 5002
609 379 751 420 arnicas
774 380 929 422 msrema
1280 371 1339 431 341

196 530 292 590 nium.
337 548 424 612 quae
447 527 576 612 priuata
597 532 629 588 et
643 525 776 610 propria
798 527 874 589 sunt
889 547 1022 609 scenae,
1047 527 1088 590 ds
1109 538 1204 611 gestu
1223 538 1254 591 et
1272 551 1341 593 cor-

194 629 279 715 poris
309 626 406 690 fluxu
437 624 595 710 mollitiae
623 624 762 689 Veneris
794 637 827 689 et
854 625 966 690 Liberi
1001 627 1169 690 immolant
1202 629 1249 692 illi
1282 654 1341 716 per

194 751 305 794 sexum
333 727 383 791 illi
413 749 472 814 per
497 725 624 790 fluxum
654 726 821 809 dissoluti3
865 749 949 813 qnae
971 749 1050 791 uere
1078 751 1158 792 uoce
1180 738 1212 792 et
1235 731 1340 793 modis

195 841 225 895 et
243 831 382 916 organis
403 838 436 892 et
460 827 542 915 lyris
564 829 808 912 transiguntur,
831 828 1003 914 Apollines
1029 839 1062 894 et
1083 830 1196 893 Musas
1224 840 1257 893 et
1282 830 1340 895 lli·

174 954 311 997 sueruas
334 939 367 995 et
395 930 576 994 Mercurios
597 930 763 1015 mancipes
787 929 918 993 habent.

274 1099 377 1187 Apud
394 1099 533 1163 maiores
553 1097 669 1161 theatri
685 1097 809 1181 gradus
825 1108 951 1161 tantum
973 1098 1123 1181 fuerunt3
1147 1122 1221 1163 narn
1242 1093 1417 1165 seenal‘dl

192 1203 231 1266 de
257 1201 360 1287 lignis
387 1200 431 1266 ad
460 1209 587 1286 tempus
614 1198 728 1280 fiebat,
759 1199 844 1262 unde
874 1199 1034 1286 hodieque
1064 1207 1242 1286 permansit
1264 1224 1338 1266 con·

192 1302 331 1367 suetudo
355 1311 392 1366 ut
415 1311 652 1387 componantur
667 1309 819 1387 pegmata
840 1324 860 1364 a
883 1300 1032 1364 ludorum
1049 1301 1255 1366 theatralium
1271 1303 1338 1366 edi-

192 1404 330 1467 toribus.
376 1423 475 1466 scena
498 1412 606 1464 autem
630 1423 713 1486 qnae
735 1399 835 1465 fiebat
856 1411 913 1464 aut
936 1401 1064 1466 uersilis
1087 1413 1157 1466 erat
1179 1413 1234 1467 ant
1262 1404 1338 1467 duc-

164 1504 270 1568 rutilis.
310 1502 443 1569 nemilis
461 1510 539 1566 tunc
554 1511 640 1583 erat,
663 1524 735 1565 cunr
752 1501 859 1566 subito
878 1512 946 1567 tota
965 1503 1123 1567 machinis
1142 1503 1337 1590 quibusdam

192 1603 447 1669 conuertebatur
469 1611 502 1666 et
524 1601 620 1665 aliam
644 1606 790 1689 picturae
815 1604 932 1667 faciem
955 1602 1164 1687 ostendebam
1206 1604 1338 1668 ductilis

192 1718 285 1787 tune,
310 1727 385 1768 eum
404 1706 518 1768 tractis
540 1703 697 1769 tabulatis
720 1704 782 1769 hac
809 1713 905 1792 atque
934 1705 1010 1770 illae
1039 1706 1163 1791 speeies
1189 1707 1337 1791 picturae

192 1807 381 1871 nudabatur
401 1807 546 1870 interior.
582 1805 669 1892 quod
695 1805 796 1870 Varro
818 1816 850 1869 et
875 1808 1049 1871 Suetonius
1073 1816 1336 1872 commemorant.

274 1991 358 2070 Vias
374 2002 407 2056 et
427 1992 578 2055 cardines
597 2001 716 2055 uocant
731 1991 911 2056 balteorum
928 2017 985 2080 per
1000 1994 1158 2057 ambitum
1178 2002 1210 2056 et
1223 1993 1334 2056 diseri-
1348 1984 1462 2059 192**

165 2095 278 2157 nmina
300 2092 507 2180 popularium
531 2114 589 2177 per
611 2093 804 2179 proclinent.
854 2094 1009 2159 cathedra
1035 2117 1162 2182 quoque
1191 2096 1334 2159 uomina

191 2205 240 2258 tm·
262 2195 388 2282 ipsein
411 2193 562 2257 anfractu
583 2195 625 2257 ad
647 2217 833 2258 consessum
854 2197 944 2258 situs.

275 2363 321 2426 Vt
343 2362 424 2427 ordo
440 2372 633 2448 peragatur,
656 2366 802 2427 incantus
825 2384 966 2447 agonum
987 2370 1206 2424 retractatum.
1244 2361 1463 2446 origol93**

192 2466 262 2528 istis
294 2464 337 2528 do
361 2463 511 2527 ludorum
537 2466 780 2550 propinquitate
810 2474 870 2527 est.
922 2463 997 2527 iude
1026 2471 1058 2525 et
1082 2463 1144 2546 ipsi
1172 2465 1254 2525 sacri
1283 2464 1335 2527 uel

192 2654 272 2704 llllll
292 2649 340 2701 20:
361 2653 477 2719 ‘quippe
497 2651 593 2715 eruut(
606 2655 650 2717 qui
670 2653 718 2703 (ln.
739 2669 844 2718 queque
857 2654 1018 2718 Pompeium
1037 2653 1190 2700 incusatum
1210 2668 1226 2700 a
1245 2651 1335 2700 sertio·

193 2714 264 2772 ribus
284 2720 399 2785 ferrent,
419 2722 489 2786 quod
508 2738 661 2770 mansuram
681 2722 781 2769 tlwatri
800 2721 893 2770 sedem
911 2717 1064 2786 posuisset'

277 2786 322 2839 llll
351 2790 462 2839 Servius
481 2806 575 2854 geme.
596 2790 639 2838 lll
655 2790 701 2837 tt:
721 2789 771 2838 i'el
791 2806 876 2839 scena
894 2797 924 2837 ut
942 2787 1040 2853 uersis}
1068 2786 1168 2853 ‘apud
1187 2785 1336 2835 maiores

236 2857 395 2907 interior.
434 2857 504 2907 uude
518 2857 604 2922 perite
619 2864 761 2919 utriunque
775 2858 866 2920 tetigit
884 2858 991 2905 ‹lic-cns:
1018 2857 1110 2904 l'ersis
1123 2855 1249 2905 iliseedat
1262 2854 1334 2903 frou·

179 2906 276 2985 ‘tihus3
295 2925 407 2990 singula
419 2924 533 2988 siugulis
552 2924 737 2989 complectens
751 2925 929 2973 sermonibus.
966 2925 1050 2988 quiid
1073 2925 1181 2972 Varro
1248 2939 1335 2972 eom·

194 2991 398 3042 uenierunt!
434 2992 560 3041 Valerius
579 2992 713 3041 hinniente
733 2994 759 3040 ΙΙ
778 2993 808 3053 d,
827 2993 854 3040 e:
876 2991 1044 3042 ‘versatilem
1065 2989 1332 3053 teneraetenerae)

194 3059 300 3110 Luculli
319 3060 429 3122 (aediles
447 3077 471 3108 a.
492 3059 572 3122 675).’

279 3122 325 3179 tt!
337 3124 368 3159 *¹²
386 3126 575 3177 Tertullianus
588 3127 621 3175 de
634 3126 803 3192 spreetaeulis
816 3127 844 3175 ll:
870 3127 934 3175 ‘Sed
953 3128 1105 3175 iuueuimus
1125 3127 1159 3175 ad
1177 3126 1249 3176 hunc
1269 3141 1333 3191 quo·

195 3212 242 3261 que
266 3196 389 3262 speeiem
413 3193 551 3261 pertinere
574 3195 650 3243 illam
674 3196 789 3259 primam
813 3211 909 3244 uocem
929 3195 1029 3243 Dauid.
1067 3194 1145 3243 Felix
1164 3196 1216 3251 uir,
1236 3195 1334 3258 inquit,

194 3266 236 3329 qui
259 3278 315 3313 nou
337 3263 411 3312 abiit
433 3263 461 3311 in
486 3263 629 3311 eorreilium
655 3263 796 3326 impiermu
822 3271 850 3311 et
873 3264 900 3310 in
920 3263 967 3311 uia
985 3270 1160 3326 peecatorum
1185 3279 1238 3311 nou
1257 3264 1336 3312 stetit

194 3348 241 3381 nee
266 3333 295 3380 iu
319 3329 453 3381 cathedra
477 3331 594 3394 pestium
618 3330 690 3378 sedit
710 3329 758 3379 .2.
779 3331 861 3394 quid?
898 3331 968 3394 quud
993 3336 1020 3377 et
1045 3335 1139 3378 cetera
1163 3336 1334 3395 congruunt?

195 3415 254 3448 uam
268 3415 284 3446 a
306 3399 342 3448 ud
354 3398 545 3463 spectaculum
560 3404 587 3446 et
600 3398 687 3446 in'uia
701 3402 797 3447 stratur.
823 3399 897 3447 uias
911 3398 984 3446 eninr
998 3403 1030 3444 et
1044 3396 1218 3446 cardines'
1233 3414 1256 3445 e.
1271 3415 1295 3461 q.
1311 3415 1332 3447 s.

194 3468 228 3516 es.
247 3415 401 3515 Salmasius
419 3482 508 3514 erere.
528 3465 598 3513 Plin.
620 3482 645 3529 p.
664 3464 713 3513 ota
731 3466 891 3515 Munerlrius
910 3482 1006 3514 reorum.
1027 3466 1159 3529 (Jaurpau.
1180 3465 1281 3514 theatri
1301 3468 1335 3514 ti-

194 3534 239 3584 tnl.
258 3536 286 3584 iu
305 3534 404 3584 Poleni
422 3533 510 3598 suppl.
531 3533 599 3581 thes.
621 3540 676 3581 ant.
698 3534 720 3579 V
738 3549 802 3598 pag.
821 3534 878 3581 itta.

278 3598 364 3654 193¹*
375 3600 562 3649 Tertullianus
575 3600 608 3648 de
621 3601 789 3664 spectaculis
806 3599 848 3647 ll:
865 3601 913 3648 ‘vt
926 3601 1007 3649 ordo
1022 3599 1217 3663 peruentur'
1233 3618 1257 3650 e.
1272 3619 1297 3665 q.
1312 3617 1333 3651 s.

195 3696 223 3706 —-
241 3669 391 3722 Suetonius
408 3669 472 3717 Ner.
494 3667 535 3716 rt:
566 3668 698 3716 'Instituit
722 3674 750 3715 et
768 3667 970 3732 quiuqrumuale
995 3673 1134 3717 certamen
1158 3668 1260 3732 primus
1280 3686 1334 3718 oin·

195 3739 266 3788 nium
284 3740 389 3789 Romae
412 3752 486 3784 mere
506 3736 613 3784 Graece
637 3736 752 3800 triplex,
777 3736 907 3784 urrrsiemu
933 3737 1087 3798 erinnis-um
1107 3743 1243 3800 equestre,
1264 3737 1336 3800 qrred

195 3806 344 3871 appellauit
362 3804 498 3864 Nerouiu3
522 3802 714 3863 dedicatisque
740 3803 850 3852 thermis
875 3809 957 3867 atque
977 3805 1120 3867 fryrnnasio
1139 3806 1249 3853 senatui
1269 3820 1333 3868 quo·

274 3970 291 4021 2
306 3958 464 4017 mollitiam
480 3958 593 4015 Veneri
610 3967 639 4013 et
655 3957 766 4015 Lihero
786 3961 867 4030 r’rrlpo
882 3953 894 4033 ’ᾗ
910 3966 927 4018 3
945 3955 988 4013 illi
1004 3976 1058 4033 per
1073 3958 1185 4015 llunmn
1202 3979 1256 4014 om.
1275 3962 1298 4012 A
1317 3952 1331 4035 ll

195 4044 331 4103 dissoluti
347 4062 427 4123 quae
446 4044 593 4098 Heroides
607 4061 645 4098 ar
664 4044 773 4099 Leniore
789 4047 877 4114 eripe.
894 4043 1006 4097 ,i't'm
1020 4049 1070 4098 51:
1102 4042 1241 4099 dissoluti
1257 4061 1333 4117 sque

194 4134 237 4188 At
254 4129 421 4189 dissolutis,
452 4127 539 4203 Quae
560 4131 615 4182 Aa
631 4123 644 4203 Η
659 4138 674 4184 4
691 4127 765 4203 lyris
783 4129 931 4183 Ileroldrrs
948 4143 987 4182 ar
1004 4129 1115 4183 Isidore
1130 4131 1147 4182 l.
1164 4145 1207 4180 c..·
1223 4125 1332 4181 litteris

194 4210 242 4295 ΑΙΙ
255 4225 273 4277 6
287 4213 379 4272 teatri
395 4215 489 4269 Poris·
508 4218 580 4268 tata
593 4230 615 4266 s.
635 4214 666 4266 Χ
679 4206 691 4287 Η
706 4210 817 4284 grados
838 4212 898 4266 Vnt.
913 4217 987 4267 3317
1003 4229 1025 4266 s.
1041 4213 1091 4267 X!
1103 4206 1116 4286 ll
1131 4209 1244 4265 sehena
1259 4210 1332 4265 Par.

194 4296 235 4377 Ι’-7
255 4308 374 4358 tautum
395 4296 435 4354 ad
454 4305 570 4373 tempus
588 4291 708 4371 Itaniell
733 4293 847 4351 liehaut
864 4298 932 4351 Par.
949 4291 961 4373 ll
976 4304 994 4354 s
1007 4295 1183 4352 teatralimn
1198 4294 1270 4348 Par.
1287 4287 1332 4372 ll9

195 4384 305 4444 scheria
322 4376 603 4463 Pur.llttlrict11re
629 4378 709 4457 Veh}
740 4390 769 4438 tt
791 4378 874 4437 balta
885 4401 969 4437 trior
986 4384 1034 4436 :ln
