2964 5002
669 400 774 443 esuvr
799 401 809 440 r
1248 389 1309 452 399

172 552 281 614 Donati
295 548 474 613 testimonio
490 573 519 632 p.
534 539 579 623 ¹63,
594 560 699 635 lisqq.
713 542 832 612 scimus.
850 560 941 634 atquc
953 562 1127 634 suspectum
1143 569 1189 618 est
1200 580 1309 623 nomen

171 655 254 728 Vari,
275 654 365 715 cuius
380 654 527 735 originem
543 672 581 714 ex
593 654 668 733 ipsis
683 655 822 716 versibus
837 665 1008 735 repeteres
1023 657 1238 736 probabilitate
1248 685 1310 727 non

169 755 339 817 abhorreat.
371 758 432 816 iarn
447 757 513 836 ipse
529 755 654 816 Servius
673 778 733 816 non
755 768 803 816 est
820 768 913 838 poeta
935 758 1022 818 nobis
1044 755 1232 834 incognitus,
1253 753 1309 814 sed

168 859 338 919 notissimus
355 852 475 936 Vergili
497 859 663 938 interpres,
684 879 700 917 e
724 861 807 918 cuins
829 861 895 919 vita
909 858 1088 938 Vergiliana
1107 858 1185 916 haec
1205 874 1308 915 mana·

167 959 385 1039 runt*).',sed
410 960 534 1020 forsitan
566 961 683 1020 mireris
709 981 756 1019 me
783 970 844 1020 tam
874 960 1062 1020 confidenter
1089 958 1208 1031 dicere,
1238 958 1307 1017 Ser·

166 1061 243 1121 vium
258 1062 320 1122 boc
337 1062 543 1123 testimonium
560 1062 590 1119 in
607 1062 672 1121 vita
686 1062 804 1140 Vergili
819 1064 972 1142 posuisse,
995 1083 1062 1121 cnm
1082 1063 1114 1121 in
1134 1060 1200 1120 vita
1219 1050 1309 1122 Servi

165 1183 242 1244 qnae
261 1174 396 1224 aetatem
413 1161 515 1222 tulerit
530 1166 651 1222 cumino
667 1185 728 1223 non
745 1164 874 1242 legatur.
903 1174 935 1222 at
957 1166 1015 1223 ista
1033 1165 1098 1224 vita
1119 1162 1308 1242 grammatici

164 1268 273 1326 nomen
292 1265 439 1326 ementita
456 1274 519 1339 est,
536 1265 673 1344 quamvis
690 1266 720 1324 in
736 1286 796 1325 non
816 1264 910 1327 nullis
929 1265 1081 1326 codicibus
1105 1268 1136 1326 in
1156 1266 1306 1345 principio

165 1367 372 1426 commentarii
388 1367 420 1426 in
435 1366 605 1426 Aeneidem
621 1367 798 1446 reperiatur.
833 1366 872 1427 de
888 1388 1014 1448 quorum
1033 1376 1134 1428 aetate
1147 1389 1215 1427 curn
1232 1366 1310 1427 nibil

165 1469 273 1543 sciam,
295 1469 327 1528 in
349 1466 483 1548 antiquis
500 1466 590 1527 Servi
611 1466 697 1528 libris
720 1489 785 1528 eam
808 1490 868 1528 non
885 1479 991 1530 extare
1012 1471 1049 1531 G.
1065 1468 1158 1529 Thilo
1176 1468 1309 1548 epistula

164 1568 201 1629 ad
216 1590 267 1630 mc
283 1564 358 1628 data
374 1576 501 1630 testatus
515 1578 568 1629 est.
601 1572 705 1629 insunt
720 1590 795 1629 vero
812 1581 919 1651 aperta
933 1572 1074 1630 noviciae
1090 1571 1215 1648 originis
1230 1567 1307 1629 indi·

165 1671 225 1747 cia,
253 1676 381 1752 qnorum
404 1690 497 1730 uuum
519 1673 563 1730 sic
585 1671 775 1749 significasse
798 1673 943 1746 sufficiat,
966 1681 1000 1733 ut
1019 1672 1104 1732 locus
1120 1672 1209 1732 huius
1224 1672 1308 1731 vitae

165 1762 228 1832 cnm
247 1773 365 1833 Donati
382 1773 450 1832 locu
464 1772 643 1851 simpliciter
658 1783 862 1852 conponatur:

337 1932 555 1983 Pseudoseruius
859 1935 985 1984 Donatus
997 1951 1023 1999 p.
1037 1932 1083 1997 62,
1099 1934 1194 2000 lileqq.

229 2036 314 2087 Periit
336 2041 420 2084 uatem
441 2033 548 2085 Tarenti
569 2036 594 2083 is
613 2034 724 2098 Apuliae
817 2035 1308 2102 Ilururileparauieiuum(Athenis)ep·

164 2124 272 2170 statute.
305 2136 361 2169 uam
384 2121 440 2168 dum
460 2119 633 2185 riistupoutmu
653 2114 833 2185 cupitsspt'rium
862 2121 1050 2181 seruerittssimo
1082 2125 1136 2171 sole
1169 2125 1307 2188 capnoscs‘t,

164 2208 258 2279 nisime,
269 2205 437 2255 ualetudinem
450 2205 654 2255 exsoiismdure
664 2221 722 2279 sorr·
733 2190 737 2213 ‘
748 2208 892 2269 turspuureuu
916 2209 1005 2253 tructus
1022 2211 1072 2253 est·
1083 2221 1185 2272 ensisque
1204 2224 1253 2258 riou
1272 2212 1308 2258 iu·

164 2294 254 2341 truau'i.
734 2280 737 2333 l
750 2288 867 2338 termissu
879 2289 1041 2350 nuriipuIIoae
1055 2290 1140 2351 ausit,
1160 2294 1197 2339 ita
1209 2299 1236 2339 ut
1245 2308 1307 2357 pru·

734 2354 805 2423 lnior
823 2375 953 2437 aliquanto
974 2370 1136 2421 Brundisium
1154 2378 1306 2439 appelleret,

747 2457 790 2508 udi
800 2457 888 2508 diebus
897 2458 988 2521 pulicis
999 2455 1069 2506 obiit.

165 2624 323 2705 scripsisse
347 2619 472 2700 quidem
495 2619 635 2681 Servium
662 2622 756 2680 vitam
785 2629 897 2701 poetae
927 2628 958 2680 ct
985 2620 1216 2680 commentarius
1241 2623 1306 2687 cius

165 2723 253 2785 iidem
274 2724 352 2785 facit
375 2732 406 2783 et
425 2723 571 2801 probatur
596 2724 662 2801 ipsa
684 2722 737 2782 illa
760 2723 1011 2801 interpolatione,
1035 2742 1125 2803 qnam
1147 2744 1202 2802 pro
1225 2725 1305 2805 l'rag·

164 2836 266 2887 mento
292 2826 364 2898 cius
384 2825 467 2884 vitae
495 2826 559 2884 iuro
582 2824 696 2884 habere
720 2823 836 2884 videor.
875 2825 961 2884 cuius
983 2824 1067 2883 vitae
1092 2823 1238 2885 iacturam
1260 2829 1305 2886 fa·

166 2928 221 2989 cile
244 2945 408 3008 possumus
432 2926 577 2998 tolerare,
609 2947 675 2985 cnm
699 2927 852 3008 antiquior
875 2926 984 2986 Servio
1005 2926 1203 3003 Vergilianas
1223 2930 1306 2991 vitae

164 3030 308 3090 memoris
329 3026 369 3087 ad
393 3048 447 3088 nos
469 3029 659 3107 pervenerit,
685 3048 763 3108 qnae
788 3028 966 3109 plenissima
987 3029 1025 3087 sit
1048 3048 1224 3111 summaque
1246 3031 1307 3092 fide

166 3129 267 3210 digna.
300 3130 414 3190 Donati
435 3150 483 3191 me
507 3131 602 3190 vitam
623 3128 726 3191 dicere
749 3130 903 3189 neminem
923 3131 1038 3208 fugict;
1067 3129 1122 3191 sed
1144 3131 1223 3191 haec
1241 3135 1307 3195 eius

165 3231 271 3292 landes
295 3251 486 3311 summopore
508 3228 665 3292 offendent
688 3251 740 3291 cos
764 3233 818 3310 qui
843 3232 1049 3304 meminerint,
1076 3252 1094 3289 a
1116 3232 1190 3292 viris
1211 3233 1307 3303 doctis

165 3353 284 3413 semper
300 3332 339 3392 de
355 3332 536 3394 sutilissimis
554 3335 585 3393 in
603 3333 661 3393 bac
678 3334 741 3395 vita
757 3334 934 3393 commentis
952 3333 1109 3393 clamitari.
1133 3334 1189 3396 sed
1207 3339 1308 3397 omnia

165 3434 336 3497 huiusmodi
353 3434 462 3495 absunt
485 3455 503 3495 a
523 3455 597 3495 vera
617 3435 731 3494 Donati
751 3437 830 3510 vita,
850 3455 931 3515 quae
952 3434 1075 3517 quidem
1099 3433 1137 3496 do
1154 3437 1308 3499 lrcminurn

153 3536 310 3613 ¹memorio
332 3535 484 3597 excidisse
509 3536 640 3598 videtur.
687 3540 773 3598 cuius
795 3537 895 3597 locum
916 3536 988 3596 inde
1016 3558 1035 3597 a
1055 3539 1170 3597 renatis
1196 3539 1306 3603 litteris

166 3638 327 3719 occupavit
360 3639 442 3699 vitae
473 3639 663 3718 exemplum,
695 3638 775 3720 quod
803 3648 836 3698 nt
867 3639 954 3699 nulla
989 3638 1102 3699 codicis
1126 3643 1306 3703 auctoritate

164 3741 267 3801 nititur
285 3741 328 3799 ita
343 3738 542 3820 putidissimis
565 3741 851 3822 intcrpolatiouibns
871 3741 990 3820 insigne
1006 3750 1066 3816 est,
1093 3762 1221 3821 quarum
1241 3743 1305 3821 plo·

164 3862 289 3922 rumque
304 3839 416 3901 fundus
431 3841 508 3901 adeo
523 3851 593 3901 sunt
611 3843 734 3904 subulae
754 3843 792 3903 dc
810 3843 946 3921 Vergilio
969 3863 1057 3920 urago
1081 3843 1183 3903 media
1203 3852 1306 3904 aetate

164 3943 346 4004 decantatae
359 3941 415 4003 scd
428 3944 470 4003 ita
482 3943 555 4003 illae
572 3945 754 4019 inmutatus,
771 3953 803 4004 ut
817 3944 953 4005 fucatam
966 3943 1155 4023 antiquitatis
1171 3945 1306 4021 speciem

165 4044 271 4107 ierant.
310 4065 414 4104 veram
438 4054 538 4105 autem
563 4046 655 4104 vitam
676 4047 837 4123 primumn
858 4045 970 4106 codicis
992 4046 1038 4104 sui
1056 4044 1150 4123 (nunc
1168 4045 1304 4104 Beruen-

164 4146 203 4205 sis
220 4146 284 4224 172)
303 4145 364 4206 tide
381 4144 504 4207 dedisse
520 4148 553 4209 P.
572 4146 711 4207 Danielis
726 4146 864 4215 meritum
883 4155 947 4220 est,
963 4147 1054 4225 culpa
1069 4166 1142 4207 vero
1155 4147 1303 4226 posterio-

228 4345 256 4412 *)
276 4350 356 4399 Hace
369 4348 547 4415 scripseram,
562 4365 622 4408 cum
633 4349 665 4398 0.
677 4347 791 4398 Iahnius
803 4361 908 4397 mecum
922 4350 1108 4399 communicat
1119 4349 1304 4403 coniecturum

165 4429 309 4483 admodum
321 4431 491 4497 speciosam,
505 4432 670 4483 delitescere
684 4433 712 4482 in
728 4431 813 4481 Varus
826 4428 905 4479 Servi
918 4444 1069 4493 cognomen
1083 4432 1198 4483 Maurus.
