2964 5002
672 395 775 438 caevr
798 399 809 438 1
978 429 982 435 .
1251 388 1308 451 401

169 540 245 637 pede
265 540 402 602 bucolici
423 562 530 603 versus
554 553 584 604 et
606 545 644 605 de
669 547 774 607 ordine
798 568 887 628 quem
908 550 1062 628 Vergilius
1086 553 1117 610 in
1144 555 1313 616 scribendis

171 643 352 703 carminibus
368 653 493 705 secutus
518 656 601 706 esset
628 646 769 707 docuisse
792 647 880 727 dicit,
903 659 937 709 ut
957 651 1105 730 adpareat
1130 674 1186 713 nos
1207 676 1312 715 reram

169 746 281 807 Donati
300 746 398 806 vitam
420 755 451 806 et
472 749 653 827 principium
673 750 752 809 adeo
779 751 915 812 eiusdem
937 754 1120 814 scholiorum
1141 756 1311 834 possidere.

168 846 221 921 aad
239 856 347 914 tamen
373 848 572 927 quaeadhue
596 850 751 932 disputata
772 863 842 912 sunt
864 856 908 913 ita
932 855 1071 932 intellegi
1089 856 1197 930 nolim,
1222 862 1311 938 quasi

168 949 225 1007 ianr
243 970 300 1030 pro
322 950 483 1028 explorato
504 950 635 1011 habeam
654 956 810 1013 Donatum
831 954 913 1013 vitae
939 956 1116 1033 scriptorem
1132 977 1216 1033 esse,
1242 979 1310 1019 cum

167 1049 197 1109 id
218 1059 339 1111 tantum
360 1051 563 1126 ostenderim,
584 1054 664 1113 hanc
685 1056 916 1132 grammaticum
938 1076 1006 1115 eam
1031 1056 1155 1135 scholiis
1177 1061 1309 1137 praemi-

167 1153 251 1211 sisse.
286 1151 461 1232 quidquod
478 1154 560 1214 idem
576 1156 608 1215 in
626 1157 842 1215 commentario
858 1156 1046 1215 Terentiano
1062 1178 1124 1217 rem
1145 1161 1188 1218 ita
1203 1163 1309 1238 gessit,

166 1256 309 1315 retritum
329 1264 440 1334 poetae
463 1256 501 1316 de
521 1256 599 1316 libro
622 1257 792 1316 inlustrium
808 1257 941 1315 virorum
961 1257 1147 1338 Suetopiano
1166 1262 1308 1339 simplici-

166 1365 212 1416 ter
230 1355 386 1417 sublatam
405 1359 652 1439 hypomnematis
670 1358 733 1416 suis
753 1353 960 1436 anteponeret
990 1378 1047 1417 nec
1063 1360 1122 1418 iam
1137 1365 1225 1439 parvi
1246 1384 1309 1422 mo·

166 1460 257 1518 nenti
276 1467 326 1518 est
342 1461 533 1539 conparatio,
549 1479 641 1541 quam
656 1459 829 1519 Gronovius
844 1458 864 1515 l.
883 1479 910 1518 c.
928 1459 1008 1517 inter
1028 1459 1138 1520 multas
1160 1461 1309 1524 dictiones

166 1558 274 1643 quibus
289 1560 374 1620 vitae
390 1562 519 1640 scriptor
535 1563 630 1620 utitur
649 1569 680 1620 et
700 1560 869 1619 simillimas
889 1579 964 1640 quas
980 1560 1143 1620 Suetonius
1159 1583 1308 1644 usurpare

166 1671 246 1723 amat
260 1664 401 1724 instituit.
432 1672 566 1722 attamen
583 1661 752 1728 carendum
767 1671 814 1720 est
828 1681 867 1720 ne
885 1662 944 1721 hae
966 1662 1162 1723 similitudine
1185 1665 1308 1745 decepti

166 1763 296 1825 calidius
318 1764 475 1826 Gronovio
493 1764 708 1825 adsentiamur.
754 1783 824 1820 nam
843 1764 943 1822 statim
963 1765 1061 1842 prima
1078 1765 1162 1824 ritae
1183 1777 1305 1828 senten-

165 1867 206 1927 tia
219 1865 277 1944 (cf.
292 1886 323 1946 p.
339 1876 406 1938 sot,
422 1876 456 1928 10
469 1871 638 1941 cerepicqac
653 1868 830 1923 substantiae
846 1910 852 1922 .
871 1910 877 1922 .
894 1910 901 1922 .
919 1870 1039 1925 canuae
1054 1865 1197 1944 reculam)
1217 1868 1307 1928 doce·

165 1985 244 2040 mer,
272 1986 335 2027 non
353 1966 532 2027 Suetonium
551 1965 636 2046 loqui
657 1965 713 2026 sed
734 1968 963 2043 grammaticam
990 1961 1166 2044 posterioris
1187 1972 1307 2030 aetatis.

165 2086 266 2148 neque
296 2068 491 2128 consentiunt
517 2067 562 2126 ita
590 2080 625 2126 ut
651 2089 708 2147 par
740 2078 788 2127 est
817 2077 964 2144 excerpta
985 2068 1227 2146 Hieronymiana
1253 2069 1323 2148 (ef.·

166 2167 271 2246 fragm.
287 2170 348 2233 37*
362 2189 429 2231 eum
443 2171 508 2230 vita
522 2191 552 2249 p.
574 2179 623 2242 63,
645 2168 684 2247 5).
719 2188 798 2248 quae
825 2187 892 2226 cum
916 2169 960 2225 ita
980 2169 1058 2240 sint,
1080 2178 1165 2247 patet
1189 2172 1307 2250 opinor,

165 2270 258 2330 vitam
274 2270 399 2351 quidem
419 2272 548 2333 Suetoni
568 2292 623 2332 nos
643 2270 758 2330 habere
779 2269 834 2330 sed
858 2276 1055 2328 retractatam
1085 2268 1169 2328 illam
1192 2273 1308 2331 Donati

166 2390 247 2431 enra-
288 2422 292 2429 .

247 2474 400 2533 Revertor
429 2473 468 2533 ad
496 2474 711 2553 interpolatum
740 2475 824 2532 vitae
852 2468 1033 2548 exemplum.
1076 2469 1248 2546 quodcum
1275 2475 1307 2532 in

165 2574 247 2634 uallo
265 2574 373 2634 codiee
394 2593 486 2633 manu
501 2576 614 2653 scripto
630 2584 775 2654 quantum
792 2575 886 2632 seiam
902 2572 1037 2647 legatur,
1059 2579 1161 2629 tamen
1178 2570 1250 2630 inde
1267 2574 1306 2633 ab

166 2678 289 2737 inventa
312 2685 377 2735 arte
400 2675 623 2756 typographica
644 2679 795 2752 genuinae
814 2677 897 2734 vitae
920 2673 1019 2730 locum
1044 2674 1214 2749 occupavit.
1247 2694 1305 2732 nec

165 2778 231 2856 plus
252 2786 376 2837 centum
395 2796 490 2835 annos
507 2785 578 2836 ante
598 2777 658 2835 hoc
677 2786 797 2854 tempus
818 2773 1069 2853 interpolationes
1091 2783 1175 2833 ortae
1198 2774 1305 2836 viden-

165 2887 228 2953 tur,
248 2887 358 2958 utpote
382 2897 462 2959 quae
485 2879 612 2958 primam
637 2879 702 2936 fere
728 2878 954 2937 renascentium
979 2875 1148 2934 litterarum
1174 2886 1306 2937 aetatem

165 2982 315 3054 reserant,
342 2998 404 3060 qua
427 2979 551 3039 tabulae
576 2978 676 3038 medio
702 2999 779 3037 aevo
805 2984 994 3058 propagatae
1024 2995 1090 3035 curn
1117 2981 1305 3059 antiquitatis

166 3085 310 3144 memoria
328 3101 436 3142 reeens
457 3081 581 3141 detecta
602 3081 703 3139 adhuc
724 3079 868 3139 confundi
886 3089 917 3138 et
940 3079 1127 3137 commisceri
1151 3081 1212 3138 sint
1234 3082 1305 3140 soli·

165 3192 221 3245 tae.
250 3183 335 3264 quod
349 3202 445 3260 genus
462 3192 696 3242 commentorum
708 3182 892 3260 conspicitur
904 3180 1005 3238 statim
1022 3178 1122 3248 initio,
1138 3181 1189 3239 ubi
1199 3183 1307 3243 notitia

166 3284 202 3345 de
209 3283 329 3362 Vergili
338 3284 448 3344 studiis
460 3283 680 3343 mathematicis
689 3303 769 3363 quae
782 3303 818 3343 ex
829 3285 893 3341 vit-a
902 3282 1016 3341 Donati
1027 3290 1152 3360 recepta
1162 3293 1210 3341 est
1221 3284 1306 3343 adhi-

165 3385 300 3446 beturad
307 3385 425 3463 Vergili
437 3385 516 3461 magi
529 3404 686 3463 personam
699 3383 910 3443 inducendam.
924 3385 954 3441 in
964 3383 1053 3441 huius
1065 3382 1143 3442 adeo
1154 3385 1307 3462 propriam

166 3487 267 3548 sedem
283 3507 322 3547 ac
338 3485 540 3558 domicilium,
558 3506 637 3565 quae
661 3486 717 3545 fuit
734 3486 898 3565 Neapolis,
917 3493 1010 3563 poeta
1028 3484 1176 3559 migrasse
1196 3484 1307 3544 dicitur

167 3587 203 3647 th
221 3587 459 3667 interpolatore,
480 3607 547 3645 cum
569 3588 599 3645 in
621 3589 753 3663 genuina
767 3589 847 3658 vita,
869 3605 1031 3666 quaecum
1053 3587 1207 3663 excerptis
1223 3584 1307 3664 apud

166 3689 383 3769 Hieronymum
410 3691 534 3770 (fragm.
561 3689 636 3766 36⁸⁵)
662 3696 768 3767 aperte
789 3690 944 3766 congruit,
969 3686 1124 3763 Vergilius
1145 3688 1305 3746 transiisse

165 3792 195 3851 in
213 3790 323 3851 urbem
341 3790 487 3851 undatur.
524 3791 580 3852 sed
604 3792 681 3851 haec
709 3791 790 3867 magi
816 3811 949 3870 persona
968 3810 1028 3848 non
1053 3789 1110 3846 nisi
1132 3788 1238 3847 umbra
1260 3797 1307 3848 est

166 3893 245 3965 eius,
267 3893 354 3952 errius
372 3901 454 3952 artes
476 3891 575 3951 medio
598 3913 675 3951 aevo
697 3891 834 3951 homines
857 3890 1094 3950 admirabantur.
1131 3909 1201 3948 narn
1225 3909 1306 3969 quae

164 3994 363 4074 interpolator
378 4002 482 4053 narrat
502 3992 539 4051 de
556 3995 672 4052 naturis
688 4012 795 4051 canum
812 4005 842 4050 et
858 4012 1003 4071 equorum
1020 3990 1157 4066 Vergilio
1174 3990 1305 4065 cognitis

166 4097 221 4162 eni
244 4096 322 4156 satis
346 4095 423 4155 mira
443 4104 514 4154 suut
536 4104 637 4153 tamen
659 4115 726 4152 cum
747 4094 808 4153 illis
831 4093 990 4171 conparari
1014 4098 1178 4169 nequeunt.
1215 4108 1303 4167 prae·

165 4205 249 4256 terea
273 4198 440 4274 georgicon
465 4196 669 4255 recordationi
693 4195 838 4271 originem
868 4192 981 4252 debere
1008 4191 1164 4261 videntur,
1191 4200 1224 4247 ut
1243 4208 1305 4247 non

164 4299 298 4377 ineptum
313 4298 355 4358 sit
379 4318 416 4357 ea
437 4317 504 4356 curn
520 4297 661 4357 Pliniana
679 4295 790 4353 iudicio
808 4314 981 4373 conponere
996 4303 1059 4353 nat.
1076 4291 1147 4350 hist.
1163 4290 1242 4350 VIlI
1254 4296 1303 4350 42:

162 4401 259 4473 forme
284 4418 425 4476 equorum
449 4403 550 4474 quoles
575 4402 700 4455 nraairne
727 4400 783 4470 legi
806 4403 936 4468 oporteat
964 4397 1162 4468 pulcherrime
1191 4394 1304 4468 quidem

239 4514 358 4550 srnrour
374 4514 435 4548 nnn.
1035 4491 1075 4552 26
1256 4482 1259 4493 ⁴
