2964 5002
507 378 534 418 r.
552 376 733 419 arraonnnu
749 377 989 422 eonnenrnnrvs
1249 365 1310 425 517

172 546 233 587 rem
250 526 486 605 Oudendorpins
508 528 570 605 egit
592 529 623 586 in
645 528 699 587 vit.
715 530 797 606 Aug.
819 550 886 608 cap.
908 539 959 603 91,
981 531 1141 591 simillimis
1164 535 1311 613 exemplis

172 649 241 689 usus
264 629 334 689 Tib.
356 639 391 691 to
410 633 479 688 serbe
497 634 654 704 eqredienn
677 631 756 707 Aug.
779 642 813 694 53
837 635 904 690 nrbc
924 638 1062 707 oppidoue
1080 652 1220 710 cyreneus:
1251 657 1311 715 quo

172 730 251 791 adde
267 732 327 793 Vit.
348 742 380 794 14
393 735 462 789 erbe
476 735 614 807 Italiaque
628 735 810 790 mathematici
823 737 996 794 excederent.
1009 735 1038 814 ¹¹³)

252 833 330 911 Peg.
348 833 404 905 82,
420 834 458 894 10
475 851 541 912 sqq.
565 834 680 912 positos
697 833 830 893 Volcatii
846 836 982 895 senarios
1000 836 1078 896 tales
1094 846 1181 897 vetus
1196 838 1309 899 Parisi-

171 955 225 994 nus
249 933 402 1015 prodidit:
432 939 483 993 sed
504 943 533 992 nt
552 938 625 1009 Aser
644 940 746 1010 populo
766 955 819 995 sex
838 941 993 995 comoedias
1014 941 1100 1009 dedit,
1121 946 1173 998 iter
1192 943 1257 1004 dinc
1282 948 1311 1001 in

171 1040 265 1096 Αείαηι
281 1039 358 1113 fecit.
383 1056 482 1096 nonem
502 1046 532 1095 ut
551 1041 636 1095 scmcl
653 1041 823 1110 conscendit,
845 1044 923 1097 nnus
937 1056 1093 1115 ‘numquem
1115 1050 1163 1099 est.
1192 1047 1233 1100 sic
1254 1048 1310 1101 nito

174 1149 264 1198 noent,
303 1139 440 1218 Quorum
466 1159 609 1199 versuum
628 1140 725 1218 primo
750 1139 807 1199 soli
832 1141 915 1201 casui
936 1142 1128 1202 tribuendum
1155 1152 1202 1203 est
1227 1144 1309 1223 qnod

170 1240 220 1300 ille
237 1242 360 1301 inverso
380 1240 485 1300 ordine
502 1245 656 1300 comoedias
673 1245 746 1300 dedit
767 1242 891 1302 exhibet
904 1264 959 1323 pro
980 1244 1113 1325 eoquod
1130 1247 1222 1305 ceteri
1239 1246 1309 1307 libri

169 1363 272 1402 omues
291 1352 452 1403 servarunt
466 1345 539 1402 dedit
552 1339 716 1404 comoedias,
754 1344 845 1422 Quod
866 1365 933 1405 eum
953 1367 1027 1425 prae
1048 1346 1100 1406 illo
1118 1349 1235 1427 sprevit
1248 1349 1308 1408 Ro-

171 1444 248 1505 thius
265 1465 296 1524 p·
316 1455 374 1518 181,
389 1466 451 1504 non
465 1445 611 1523 cogitarit
624 1455 759 1504 veterem
776 1455 868 1526 atquo
883 1449 1039 1528 antiquum
1055 1459 1177 1527 poetam
1193 1451 1309 1510 nullum

170 1555 229 1606 taur
244 1547 396 1607 elumbem
413 1547 525 1607 exitum
547 1546 705 1605 iambicum
722 1546 919 1626 probaturum
935 1550 1045 1622 fuisse,
1067 1571 1156 1631 quem
1180 1561 1242 1611 tam
1263 1553 1308 1611 fa·

170 1649 225 1709 cilo
245 1649 344 1708 vitare
364 1659 479 1728 posset.
516 1651 683 1709 Praeterea
703 1650 754 1708 vix
776 1649 898 1727 dignum
915 1653 1083 1726 mentione,
1110 1655 1141 1712 in
1158 1653 1307 1715 Vrbinate

169 1749 271 1810 codice
296 1760 327 1810 et
349 1751 482 1810 editione
503 1752 640 1830 principe
657 1754 813 1830 transponi
833 1771 886 1811 sex
900 1758 1017 1829 populo,
1042 1755 1072 1813 in
1089 1755 1154 1814 sola
1170 1758 1308 1835 principe

168 1856 248 1911 edidit
262 1862 395 1915 exstare.
437 1851 552 1912 Contra
565 1853 632 1912 fieri
647 1861 797 1931 potestat
814 1854 852 1912 ab
868 1856 953 1915 initio
970 1876 1079 1915 versus
1094 1867 1146 1915 aut¹
1166 1861 1223 1915 Sed
1236 1861 1308 1933 Afer

167 1959 269 2030 popolo
285 1964 314 2012 nt
326 1973 380 2014 sex
393 1959 421 2013 d.
437 1974 461 2016 c.
485 1963 552 2028 aut,
576 1956 768 2035 quodetiam
791 1959 906 2033 gratius
930 1958 970 2016 ad
985 1978 1074 2018 aures
1098 1958 1226 2032 accidit,
1250 1961 1308 2017 Sed

164 2061 267 2132 populo
282 2066 312 2114 nt
325 2058 397 2132 Aser
411 2075 465 2116 sex
480 2061 507 2116 d.
523 2076 547 2115 c.
566 2056 686 2117 dederit
703 2065 811 2135 poeta:
836 2079 961 2140 quorum
978 2068 1079 2120 tamen
1097 2070 1237 2120 neutrum
1253 2081 1307 2122 ue

169 2161 342 2219 cessitatem
359 2158 474 2219 habere
489 2158 718 2219 eoncedendum
735 2167 790 2218 est·

250 2260 359 2321 Altero
374 2281 466 2321 versu
479 2270 514 2320 ut
527 2261 628 2320 hiatus
644 2261 811 2334 tolleretur,
826 2269 949 2340 praeter
964 2272 1060 2320 artem
1077 2273 1245 2322 correctum
1262 2273 1309 2324 est

169 2382 267 2423 nnnem
284 2383 347 2422 cnm
366 2368 462 2436 semel,
486 2363 568 2444 quod
586 2383 690 2422 rursus
708 2358 775 2421 cunr
794 2362 942 2423 Vrbinate
963 2362 1041 2422 libro
1056 2363 1150 2422 editio
1165 2367 1308 2446 prinecps

168 2467 339 2545 participat.
378 2466 475 2525 Multo
494 2466 593 2525 lenius
614 2469 683 2541 fecit
699 2477 838 2523 ctnnnem
859 2474 889 2522 nt
908 2470 992 2523 semei
1006 2465 1136 2523 llothins
1158 2487 1306 2544 propone·

168 2567 227 2644 bat,
244 2567 300 2627 sed
316 2568 492 2644 refragante
507 2567 675 2641 latinitate,
695 2588 774 2646 quae
791 2568 821 2625 iu
840 2566 952 2625 talibus
967 2588 1028 2626 non
1044 2567 1158 2646 patitur
1176 2578 1202 2624 et
1215 2571 1306 2647 parti·

170 2672 285 2745 culam,
304 2669 360 2730 sed
375 2680 465 2729 autern
480 2669 623 2747 postulat.
662 2670 745 2748 Quid
759 2667 874 2727 marita?
896 2669 1021 2727 finitimo
1044 2687 1142 2726 irenem
1157 2669 1305 2728 vocabulo

169 2772 344 2852 absorptum
361 2782 408 2831 est
421 2781 526 2842 eutem,
542 2772 587 2830 sic
601 2781 634 2828 ut
651 2781 743 2849 poeta
757 2772 926 2849 scripserit:
949 2790 1049 2829 nortem
1065 2781 1155 2829 nectem
1170 2780 1200 2829 rd
1213 2776 1305 2831 semel.

169 2876 234 2936 Neo
250 2876 332 2935 euim
347 2884 431 2933 reete
446 2875 478 2931 iu
491 2874 565 2950 ipsis
581 2883 609 2930 nt
630 2872 739 2931 litteris
754 2874 891 2931 mutilam
908 2885 999 2931 nectem
1016 2873 1195 2952 particulam
1212 2893 1305 2953 quae-

167 2997 215 3037 res
237 2977 430 3056 salutemque
447 2982 586 3054 corrupto
603 2977 706 3033 versui
729 2976 809 3034 hanc
830 2976 1074 3035 comminiscere:
1100 2994 1199 3034 tenuem
1216 2985 1306 3034 nutem

166 3084 252 3139 unul
270 3074 284 3162 ΙΙ
304 3081 464 3139 Conscendit
486 3077 515 3135 h.
540 3098 566 3136 e.
589 3077 693 3135 ‘simul
716 3081 833 3156 atqne'.
875 3077 943 3136 Etsi
972 3079 1050 3137 enim
1070 3079 1199 3156 pristina
1220 3084 1309 3138 semul

167 3183 262 3241 forma
277 3180 417 3261 quotiens
432 3177 665 3239 nonoirrtcllecta
682 3179 812 3238 librariis
830 3180 861 3237 in
879 3183 963 3237 semel
977 3181 1146 3252 transierit,
1172 3182 1247 3240 satis
1269 3200 1307 3240 ea

167 3283 309 3363 exempla
335 3282 447 3343 docent
472 3300 553 3363 quae
574 3280 818 3357 Prolegomenou
839 3281 1049 3341 Plautiuorum
1076 3303 1107 3360 p.
1135 3293 1231 3340 xcvll
1257 3303 1304 3362 sq.

167 3387 338 3466 composui,
359 3393 460 3444 tamen
482 3384 539 3442 hoc
560 3383 627 3441 loco
654 3402 720 3441 eam
742 3384 794 3441 vix
808 3385 922 3461 patitur
936 3384 1104 3455 sternentia,
1126 3403 1220 3462 quae,
1237 3405 1305 3443 cum

166 3488 342 3566 insequatur
357 3491 433 3544 niens
451 3493 641 3560 rrrcmqnnmst,
662 3505 722 3543 uon
741 3485 844 3544 ‘simul
861 3489 966 3566 atque'
989 3485 1195 3564 potiusquam
1213 3490 1304 3565 ‘post-

167 3590 264 3670 quam‘
280 3589 434 3648 notionem
449 3588 592 3666 postulat.
604 3621 642 3630 -
657 3586 799 3647 Ceterum
815 3588 956 3669 quoniam
968 3588 1144 3647 neccssaria
1154 3609 1228 3648 saue
1241 3609 1301 3647 non

231 3821 257 3887 *)
276 3824 393 3889 Reliqua
412 3825 457 3889 qui
476 3840 644 3889 cognoscere
664 3825 765 3890 cupiet,
784 3824 856 3875 haee
868 3825 979 3875 habeto.
998 3825 1021 3873 si
1041 3825 1112 3873 forte
1131 3840 1184 3873 non
1202 3825 1303 3883 onmia,

167 3911 196 3957 st
211 3909 352 3974 pleraque.
389 3910 479 3973 epredi
495 3910 659 3960 tnbernncnlo
678 3911 747 3974 Aug.
766 3908 809 3971 91,
828 3911 901 3959 riona
919 3910 981 3959 Tib.
1000 3908 1043 3970 511,
1062 3912 1123 3960 nilln
1140 3908 1177 3957 ib.
1196 3907 1240 3969 115,
1258 3910 1304 3957 tri-

164 3995 238 4044 clinio
257 3993 317 4043 Cel.
336 3991 378 4045 36.
397 3994 479 4060 Vesp.
491 3993 516 4053 d,
534 3998 679 4059 spectaculo
699 3994 759 4043 Cal.
773 3992 814 4053 511,
834 3996 934 4043 tlcntro
948 3994 1045 4044 (laud.
1062 3994 1100 4045 13.
1121 3994 1175 4042 vit.
1189 3993 1218 4042 al:
1238 3994 1303 4041 item

165 4079 411 4128 excederectreocro
429 4079 494 4128 Ner.
512 4078 554 4143 23,
574 4082 701 4130 excedere
718 4081 836 4128 scrrmr'o
852 4079 930 4128 llom.
954 4078 991 4128 15.
1027 4079 1145 4129 Accedit
1163 4076 1303 4142 praeposi-

166 4162 204 4212 tio
221 4164 283 4212 Tib.
303 4163 335 4212 72
354 4180 368 4214 e
386 4165 500 4214 contrictio
519 4164 666 4229 egrediens,
692 4163 756 4227 qnia
776 4163 930 4212 corrvivinm
949 4164 1106 4214 nonhabet
1125 4163 1179 4212 loci
1197 4160 1302 4226 signifi-

167 4248 304 4298 cationem
322 4249 473 4314 propriam,
499 4265 552 4312 qna
577 4262 675 4297 caussa
696 4249 778 4296 otinm
802 4249 834 4296 de
849 4254 979 4311 potestate
1002 4252 1085 4313 pntrr's
1103 4251 1177 4298 enine
1201 4247 1302 4294 dictum

167 4338 209 4383 est
225 4334 280 4384 vn.
298 4332 323 4383 6.
359 4335 478 4383 Diversa
502 4334 606 4383 ratione
631 4333 690 4398 regi
714 4337 831 4396 apparet
854 4332 925 4396 quod
949 4337 991 4383 est
1009 4331 1106 4381 Claud.
1130 4332 1163 4382 ‘23
1187 4337 1213 4379 nt
1235 4332 1303 4379 rdtrn

165 4419 273 4483 lapidem
290 4420 391 4468 tertium
407 4425 507 4469 necaret
525 4420 615 4485 ceredi
632 4417 663 4468 ab
681 4417 750 4468 erbe.
