2964 5002
669 395 773 438 oarvr
793 397 805 436 1
1246 378 1308 440 423

169 569 264 633 neque
275 550 368 610 aliter
380 548 562 610 Suetonium
573 546 612 607 de
622 545 742 606 Seneca
755 549 785 606 in
795 547 859 605 vita
870 547 937 606 eius
948 545 1101 605 indicasse
1113 547 1215 607 vorbis
1230 567 1309 628 quac

168 653 196 712 in
212 652 337 713 Nerone
353 671 377 710 c.
395 656 430 712 52
445 657 553 709 extant
567 649 732 708 indicatur:
755 671 773 706 a
787 652 945 723 coplatione
957 657 1086 706 aeteram
1099 656 1247 707 oratorum
1260 651 1309 707 Se·

168 770 234 813 acco
239 761 422 828 praeceptor
433 749 590 830 (avertit),
606 771 661 825 qao
673 755 814 809 diatiasr'n
826 754 1015 809 admiratione
1027 755 1074 808 sui
1086 755 1233 809 detineret.
1256 770 1308 810 ve·
1381 824 1385 833 ι

167 865 244 917 terea
256 863 519 926 numeratores,
530 854 746 912 utaentcntiae
761 872 858 912 nexus
870 851 1011 924 ostendit,
1024 850 1204 912 Ciceronem
1215 854 1309 912 nomi·

166 959 352 1038 uaniusque
360 954 518 1036 aequales.
533 973 621 1034 quem
633 952 804 1014 huiusmodi
813 954 1146 1033 verborumusuruapte
1155 973 1309 1032 conponas
1386 994 1393 1012 .

168 1078 234 1120 cuna
256 1058 352 1118 simili
370 1058 401 1117 in
418 1056 512 1117 Probi
530 1059 594 1116 vita
612 1057 781 1128 sententia,
800 1076 891 1136 quam
908 1076 1001 1135 supra
1018 1078 1046 1135 p.
1067 1065 1117 1119 395
1134 1054 1309 1115 inlustravi-

166 1181 239 1223 nrna.
273 1179 368 1240 aquo
388 1179 451 1218 non
465 1157 609 1231 dissidet,
629 1157 708 1237 quod
727 1160 1003 1238 antiquissimorum
1022 1166 1179 1236 poetarum
1197 1178 1307 1218 memo·

165 1263 258 1336 darn,
279 1281 359 1342 quae
377 1281 444 1321 cum
459 1262 591 1321 Neronis
606 1268 707 1319 aetate
722 1261 843 1319 omnino
861 1259 976 1318 abolita
992 1267 1088 1332 essct,
1111 1280 1129 1318 a
1144 1259 1244 1319 Probo
1259 1280 1307 1321 re·

166 1365 312 1425 suscitata
326 1371 408 1436 erat,
423 1362 567 1441 religiose
582 1361 622 1421 ad
634 1370 772 1440 posteros
786 1381 955 1441 propagare
971 1359 1097 1420 studuit.
1127 1381 1187 1441 qua
1197 1382 1230 1421 ro
1246 1383 1308 1422 non

165 1467 262 1544 magis
277 1484 297 1524 a
310 1465 430 1524 ratione
441 1484 497 1523 sna
512 1463 657 1536 descivit,
675 1484 765 1543 quam
778 1464 840 1524 dux
853 1473 885 1523 ot
895 1474 1001 1524 auctor
1014 1464 1079 1522 eius
1090 1462 1309 1540 Quintilianus,

81 1638 85 1647 Ι
167 1569 219 1648 qui
239 1565 319 1626 libro
342 1566 461 1626 decimo
483 1575 591 1645 poetas
614 1576 769 1626 vetustate
790 1586 894 1626 sacros
910 1565 1033 1625 silentio
1048 1583 1186 1643 premere
1201 1566 1308 1626 noluit.

250 1669 363 1728 Restat
376 1677 410 1727 ut
424 1667 530 1745 paucis
550 1669 761 1747 quaestionem
781 1667 820 1727 da
840 1667 1027 1741 auctoribus,
1050 1685 1127 1747 quos
1145 1664 1309 1727 Suetonius

168 1770 334 1844 comniuit,
346 1769 513 1829 absolvam.
532 1768 678 1829 Varronis
690 1771 855 1849 praecipue
867 1771 979 1849 copiis,
993 1770 1024 1828 in
1035 1768 1083 1827 bis
1096 1767 1174 1828 libro
1185 1767 1224 1827 do
1235 1787 1307 1848 poe·

123 1915 127 1925 ι
167 1874 220 1947 tis,
237 1892 328 1933 naum
348 1870 620 1931 esseRitschelius
641 1890 759 1949 parerg.
775 1871 875 1931 Piaut
891 1891 920 1949 p.
937 1879 989 1934 622
1006 1871 1129 1929 monuit
1161 1870 1256 1929 veluti
1271 1889 1309 1929 ea

168 1994 247 2055 quae
272 1972 312 2034 de
333 1972 436 2032 Plauti
459 1973 524 2031 vita
548 1972 630 2051 apud
648 1973 868 2054 Hieronymum
894 1981 1077 2052 supersunt
1099 1972 1220 2051 (fragm.
1242 1972 1309 2048 7*),

168 2066 429 2136 ωαιιίἲοεῐηέοιιω
443 2075 591 2133 Varronis
607 2076 780 2134 testimonio
795 2095 815 2133 a
831 2073 936 2134 Gellio
951 2074 1043 2147 1113,
1061 2083 1093 2135 14
1106 2074 1224 2152 prolato
1240 2093 1310 2134 con·

169 2198 275 2239 sonans
299 2176 372 2236 hnic
393 2173 499 2234 deberi
522 2176 644 2235 evincit.
677 2196 735 2235 nec
755 2177 882 2235 recessit
900 2194 918 2232 a
935 2173 1168 2251 diligentissimo
1186 2177 1310 2236 iuvesti-

170 2288 275 2358 gatore
292 2278 484 2357 antiquitatis
499 2278 530 2336 in
546 2297 625 2336 anno
642 2278 744 2337 mortis
760 2277 861 2335 Naevi
877 2275 1089 2334 constituendo
1102 2275 1222 2354 (fragm.
1238 2277 1310 2356 6*);

172 2381 207 2440 ci,
224 2379 336 2441 Cicero
348 2379 431 2439 Brut.
451 2389 499 2452 15,
519 2389 563 2443 60.
590 2399 648 2439 nec
665 2378 801 2439 eiusdem
816 2376 961 2436 iudicium
977 2374 1015 2434 de
1028 2376 1156 2435 Terenti
1171 2378 1312 2458 adelphis

172 2483 200 2542 in
222 2484 291 2542 vita
310 2491 420 2560 poetae
452 2483 626 2559 praeteriit,
654 2484 701 2540 cui
725 2480 817 2540 etiam
838 2478 1019 2538 lectissimas
1045 2475 1255 2537 adnotationes
1281 2480 1311 2537 in

173 2582 277 2643 cadem
294 2583 411 2662 positas
429 2582 564 2661 inprimis
583 2591 731 2661 excerpta
747 2601 786 2641 ex
810 2580 895 2639 libris
915 2580 1015 2639 Licini
1032 2578 1122 2638 Porci
1142 2587 1173 2637 et
1189 2578 1312 2638 Volcati

172 2684 304 2762 Sedigiti
319 2682 358 2743 de
374 2685 489 2763 poetis,
505 2685 558 2763 qui
573 2683 712 2743 versibus
728 2683 890 2760 conscripti
907 2691 1008 2756 eraut,
1025 2678 1225 2740 vindicandas
1243 2698 1312 2739 osse

172 2783 564 2864 probabilitchitsclrolius
577 2786 710 2844 coniecit
720 2786 740 2844 l.
749 2804 773 2844 c.
782 2806 812 2864 p.
820 2793 879 2846 244.
895 2803 1001 2843 verum
1012 2804 1071 2843 non
1084 2781 1179 2843 solam
1189 2781 1228 2841 da
1239 2800 1312 2861 poe·

172 2888 208 2948 tia
220 2897 251 2947 et
261 2887 411 2966 poematis
421 2889 596 2946 memoriam
607 2887 829 2947 Varronianam
843 2897 966 2946 secutus
976 2885 1111 2945 videtur:
1123 2884 1167 2945 sic
1183 2901 1312 2963 eaquae

174 2988 211 3048 de
223 2989 334 3050 Servio
343 2986 454 3048 Clodio
464 2991 661 3066 grammatico
676 3011 705 3069 p.
721 2998 887 3068 1d2,2sqq.
901 2987 1008 3060 tradit,
1025 2987 1171 3047 Varronis
1185 2986 1246 3046 lide
1256 2985 1313 3044 niti

174 3090 323 3150 Plinianie
334 3110 365 3149 n.
380 3091 409 3149 h.
426 3091 521 3150 XXV
532 3100 567 3152 tt
582 3090 686 3150 verbis
699 3090 852 3150 docemur.
880 3089 991 3151 deinde
1011 3098 1129 3149 ceteros
1144 3089 1314 3148 inlustrium
1349 3117 1352 3127 ·

174 3193 304 3252 virorum
314 3193 479 3272 scriptores
491 3192 645 3265 adhibuit,
663 3213 787 3272 quorum
806 3191 845 3253 de
857 3193 1003 3254 memoria
1013 3194 1093 3252 vitas
1108 3211 1179 3250 suas
1191 3191 1313 3251 concin·
1379 3238 1386 3253 „
1413 3180 1421 3188 ⁰

174 3304 268 3355 amet
287 3294 419 3355 Santrae
429 3295 608 3354 testimoniis
620 3296 650 3354 in
661 3296 725 3353 vita
731 3295 860 3355 Terenti
872 3304 903 3355 ot
915 3293 1116 3354 CurtiNiciae
1125 3292 1314 3371 grammatici

175 3399 281 3473 utitur3
304 3397 435 3475 Nepotis
451 3416 524 3457 vero
541 3398 753 3457 auctoritatem
767 3398 797 3455 in
815 3397 923 3457 eadem
938 3397 1004 3455 vita
1015 3395 1144 3455 'Ferenti
1158 3403 1190 3453 et
1205 3397 1235 3454 in
1251 3395 1316 3454 vita

175 3497 320 3559 Voltacili
335 3497 417 3557 Ploti
438 3497 568 3558 rhetoris
584 3510 717 3578 usaupat.
752 3499 862 3578 quibus
882 3497 1055 3558 auctoribus
1071 3495 1315 3556 adnumerandus

177 3609 221 3660 ast
241 3600 387 3682 Hyginus
410 3598 449 3659 de
471 3600 649 3662 inlustribus
669 3602 757 3672 viris,
782 3602 838 3660 etsi
862 3602 892 3659 in
914 3600 1054 3680 reliquiis
1073 3599 1184 3658 nostris
1205 3618 1315 3659 nomen

177 3703 239 3763 tius
262 3722 323 3761 uon
344 3711 500 3780 conparet.
537 3712 659 3782 praeter
680 3703 775 3762 libros
796 3723 871 3761 vcro
893 3702 931 3762 de
955 3703 1020 3761 vita
1041 3701 1212 3760 inlustrium
1234 3701 1314 3761 viro·

176 3824 239 3864 rum
254 3804 438 3884 Tranquillo
460 3803 498 3862 ad
521 3825 628 3864 manus
650 3806 772 3864 fuerunt
792 3805 891 3876 vitae,
914 3823 990 3885 quas
1010 3803 1199 3881 grammatici
1223 3805 1253 3863 in
1268 3803 1315 3862 his

176 3905 292 3967 Probus
303 3906 549 3985 hypomnematis
562 3907 623 3966 suis
636 3915 824 3985 anteponere
835 3906 984 3966 solebant.
1007 3905 1056 3964 cni
1066 3906 1198 3964 vitarum
1209 3904 1314 3983 generi

176 4007 334 4069 reddenda
347 4017 420 4086 puto
435 4008 550 4068 Asconi
563 4008 693 4068 Pediani
708 4009 837 4086 scripta,
852 4027 931 4087 qnae
945 3986 982 4066 do
998 4008 1062 4066 vita
1077 4006 1204 4065 Sallusti
1220 4015 1251 4065 et
1266 4006 1315 4065 Oi·

178 4111 294 4171 coronis
315 4109 410 4169 dedit.
447 4111 511 4169 vori
533 4111 614 4169 enim
634 4109 733 4168 simile
759 4117 806 4168 est
826 4127 864 4168 ca
886 4109 1107 4168 commentariis
1131 4107 1213 4165 illius
1227 4126 1315 4184 prae-

177 4215 269 4273 missa
297 4213 402 4272 fuisse.
444 4222 596 4293 postremo
623 4210 833 4269 Fenestellam
860 4211 998 4282 nomino,
1028 4210 1113 4269 cuins
1140 4210 1171 4267 in
1199 4207 1315 4265 annuli·

176 4313 232 4375 bus
251 4333 290 4373 ne
308 4315 478 4374 litterarum
498 4314 620 4395 quidem
642 4313 817 4371 memoriam
838 4311 1084 4390 praetermissam
1104 4329 1170 4370 esse
1187 4329 1249 4367 nou
1263 4307 1316 4367 ob·

177 4435 264 4476 acnre
280 4416 326 4476 eia
345 4416 510 4487 indicatur,
531 4434 609 4495 quae
626 4412 664 4473 de
681 4413 746 4472 vita
759 4412 887 4473 Terenti
903 4412 942 4472 ab
959 4431 996 4471 eo
1013 4412 1125 4473 tradita
1141 4411 1234 4471 fuisso
1250 4410 1316 4491 ipsc
