2964 5002
94 458 103 480 ἱ
165 400 207 443 XX
289 432 292 436 Α
369 420 378 429 =
653 398 835 441 PRAEFATIO

167 548 313 613 inscriptio
343 562 425 611 quam
447 561 488 596 sse
506 547 654 597 restituere
678 547 745 597 licet
773 545 838 612 περὶ
863 547 919 600 τῶν
937 540 969 600 ἕν
987 541 1067 610 ζώοις
1086 549 1216 613 φυσικῶν
1233 551 1318 616 plane

168 632 317 696 respondet
329 631 515 681 Suetouianae
535 630 583 680 ‘ds
596 631 776 681 animantium
790 633 917 683 naturis'.
937 660 968 668 -
987 633 1201 698 Aristophanem
1220 637 1249 684 in
1264 636 1317 686 hac

168 732 197 767 re
216 717 301 766 etiam
319 715 430 780 Trypho
447 714 650 765 Alexandrinus
668 720 779 766 secutus
798 717 888 766 estin
906 716 985 767 libris
1003 708 1180 783 ὀνομασιῶν,
1200 735 1314 783 quorum

167 806 262 866 partes
274 799 362 849 inisse
374 800 504 851 videntur
520 799 649 865 φυτικῶν
662 805 689 849 et
706 797 771 867 περὶ
790 792 867 862 ζώων
884 800 958 850 libri.
989 801 1026 851 cf.
1043 802 1154 852 Velsen.
1174 820 1200 867 p.
1213 802 1256 854 82.
1270 802 1316 853 89.

234 883 298 946 456,
326 883 357 935 13
381 899 398 934 a
421 884 483 935 fine.
507 885 544 934 cf.
569 900 638 948 quae
668 900 751 949 supra
777 885 811 934 sd
838 901 865 950 p.
888 885 939 935 455
963 887 1083 950 exposui.
1125 887 1191 937 talis
1223 896 1316 938 autern

169 968 270 1020 Graeci
289 974 317 1018 et
330 969 424 1019 Latini
436 969 570 1019 sermonis
583 970 745 1032 conparatio
757 970 812 1018 ism
830 969 895 1018 inde
915 984 932 1018 a
943 969 1000 1019 divi
1013 970 1067 1019 Iuli
1086 975 1179 1021 aetate
1199 987 1216 1021 a
1230 972 1315 1023 Grae·

168 1053 209 1104 cis
234 1054 423 1118 grammaticis
444 1052 576 1103 incohata
594 1057 669 1115 erat,
681 1052 783 1104 ,veluti
807 1069 824 1102 a
842 1053 959 1103 Seleuco
978 1055 1147 1118 Hypsiersto
1166 1055 1281 1118 (citatur
1299 1073 1317 1106 s.

157 1138 205 1207 .M·
225 1139 348 1188 Varrone
363 1139 396 1188 1..
417 1139 449 1189 L.
468 1137 499 1199 5,
520 1135 565 1200 16;
603 1136 809 1189 Gellianus.
829 1138 894 1187 XVI
914 1138 959 1198 12,
979 1136 996 1187 6
1013 1139 1099 1188 libros
1118 1141 1178 1191 eins
1197 1156 1314 1191 comme-

167 1227 257 1273 moret
281 1221 378 1288 ‘super
399 1221 444 1271 his
467 1237 538 1287 qnae
558 1238 575 1271 a
593 1221 709 1272 Graecis
728 1228 842 1286 recepta
860 1220 948 1286 sunt')
966 1222 1119 1273 Philoxeno
1139 1225 1314 1288 Tyrannione

166 1302 286 1371 Didymo
298 1306 444 1372 Tryphone
463 1306 570 1372 Apioue
589 1306 706 1356 Irenaeo
735 1320 786 1356 seu
802 1307 908 1357 Pacato
927 1307 1056 1359 Minucio.
1085 1308 1122 1357 cf.
1142 1309 1179 1358 Μ.
1193 1310 1316 1359 Schmidt

167 1390 201 1441 de
220 1390 338 1442 Seleuco
357 1390 457 1442 Philol.
475 1391 517 1441 lll
534 1407 561 1456 p.
580 1389 644 1452 458,
664 1390 698 1440 de
715 1390 834 1453 Didymo
852 1390 1036 1442 Chalcentero
1054 1408 1080 1456 p.
1100 1391 1159 1442 346.
1183 1408 1236 1443 nec
1254 1410 1315 1459 pro-

167 1475 243 1525 fecto
260 1476 393 1527 hahemus
417 1475 487 1540 quod
510 1475 638 1524 miremur
661 1490 678 1523 a
696 1473 827 1524 Suetonio
850 1490 911 1524 eam
935 1476 1050 1527 institui.
1084 1476 1223 1527 Hadriani
1242 1479 1315 1527 enim

167 1559 280 1610 saeculo
302 1566 334 1611 ut
356 1560 436 1611 multi
459 1564 574 1623 utroque
597 1574 722 1609 sermone
741 1559 902 1609 scribebant
926 1560 966 1609 ita
985 1561 1179 1625 grammaticos
1197 1562 1227 1610 in
1245 1562 1314 1612 deli-

167 1644 218 1693 ciis
235 1644 367 1695 habuisse
384 1650 415 1694 ut
434 1645 569 1695 Graecum
588 1658 741 1694 sermonem
760 1659 821 1694 cum
841 1643 944 1694 Latino
963 1649 1149 1710 conponerent
1165 1646 1314 1696 Frontonis

168 1733 198 1780 et
218 1729 353 1779 Favorini
376 1728 508 1794 exemplis
530 1729 675 1793 probatur,
704 1744 816 1793 quornm
843 1729 1048 1793 disputationes
1070 1729 1226 1779 huiusmodi
1249 1731 1313 1782 Gel-

166 1811 221 1864 lius
238 1814 319 1864 nchis
336 1813 458 1863 tradidit.

233 1898 283 1948 457
302 1899 446 1948 Prstorum
465 1903 655 1965 argumentum
675 1899 777 1964 triplex
790 1897 903 1949 uidetur
921 1900 1022 1949 fuisse:
1047 1903 1095 1948 aut
1114 1900 1189 1964 ipsas
1208 1915 1252 1949 res
1264 1916 1314 1965 pe·

167 1982 267 2033 culiari
289 1982 380 2033 studio
407 1989 568 2047 persecutns
591 1989 635 2034 est
660 1983 807 2034 Suetonius
833 1977 936 2045 λέξεων
958 1987 1052 2033 tamen
1075 1984 1183 2034 ratione
1206 2000 1316 2051 semper

166 2065 279 2126 habita,
304 2072 353 2116 aut
375 2061 465 2129 λέξεις
487 2068 588 2133 potiori
611 2083 678 2118 curs
699 2068 814 2132 protulit
836 2068 885 2118 sed
908 2068 951 2118 ita
969 2068 1078 2133 quidem
1101 2072 1132 2118 ut
1150 2084 1198 2119 eas
1216 2084 1313 2120 secun-

166 2150 229 2201 dum
253 2167 296 2202 res
318 2165 368 2218 per
392 2152 488 2217 capita
511 2153 701 2216 distribueret,
727 2157 781 2211 aut
800 2167 848 2202 ess
871 2155 1026 2218 promiscue
1048 2151 1136 2204 solum
1158 2153 1313 2204 litterarum

167 2235 291 2287 ordinem
308 2241 420 2287 secutus
434 2237 575 2302 adposuit,
594 2242 625 2287 ut
643 2238 713 2288 tecit
729 2238 759 2287 in
770 2237 915 2288 verborum
933 2237 1099 2289 differentiis
1119 2235 1228 2304 (fragm.
1243 2238 1313 2302 176).

232 2319 296 2383 462,
316 2322 333 2371 4
355 2337 411 2372 ιιοιι
428 2326 493 2387 puto
512 2326 605 2372 temen
623 2322 749 2373 Serrium
767 2321 855 2388 partis
872 2322 982 2373 titulum
1001 2328 1076 2374 reete
1095 2323 1174 2374 nobis
1193 2324 1312 2381 tradere,

165 2406 301 2470 siquidem
319 2407 349 2456 in
367 2422 401 2456 ea
418 2423 473 2457 nou
491 2406 578 2457 solum
597 2407 631 2457 de
649 2423 796 2474 puerorum
812 2406 918 2458 lusibus
941 2409 990 2459 sed
1009 2408 1089 2459 etde
1109 2409 1172 2459 ales
1191 2414 1220 2458 et
1237 2410 1312 2458 simi-

166 2491 240 2542 libus
262 2493 429 2557 dieputntum
453 2492 514 2541 snit.
544 2495 626 2556 atque
649 2492 816 2559 respondere
840 2491 936 2542 debuit
957 2492 1044 2542 indici
1068 2491 1116 2542 ‘de
1142 2494 1312 2543 Graecorum

166 2576 294 2639 lusibus‚'
314 2582 344 2626 ut
362 2576 446 2626 talem
466 2593 527 2627 eum
546 2577 631 2628 luisse
651 2577 786 2626 coniciam
806 2577 855 2626 ‘de
874 2577 1056 2627 Romanorum
1073 2576 1196 2629 lusibus)

202 2718 207 2727 ,
233 2660 297 2724 464,
317 2660 399 2726 tlsqq.
418 2661 527 2711 Charax
545 2662 733 2725 Pergamenus
752 2662 798 2727 qui
817 2661 932 2711 Suetoni
950 2661 1077 2726 aequalis
1098 2662 1207 2713 videtur
1224 2663 1311 2712 fnisse

168 2745 215 2808 (ct.
228 2745 352 2796 Mueller.
373 2747 453 2812 frgm.
472 2746 534 2796 hist.
555 2761 648 2810 graec.
662 2747 704 2796 111
721 2762 747 2811 p.
766 2743 827 2808 636)
845 2745 929 2810 plane
947 2745 1045 2795 eadem
1063 2747 1172 2797 ratione
1190 2747 1224 2796 de
1244 2747 1312 2796 circi

165 2830 301 2880 institutis
319 2831 450 2896 disputat.
487 2831 524 2880 cs.
544 2830 671 2880 addenda
690 2831 726 2880 ad
748 2847 774 2896 p.
793 2828 891 2896 338sq.
912 2830 974 2880 sdn
994 2845 1053 2898 sup.

233 2913 297 2976 469,
318 2914 330 2963 l
349 2917 391 2965 De
412 2908 547 2965 ‘criticis’
566 2915 603 2964 ef.
623 2915 849 2965 Wschsmuthius
868 2915 902 2965 de
920 2915 1034 2966 cratete
1052 2915 1169 2967 Mallote
1187 2932 1214 2979 p.
1233 2913 1258 2965 9.

250 3084 407 3146 Veritatem
428 3086 505 3148 illins
523 3085 672 3164 proverbii
692 3086 770 3148 diem
793 3088 840 3147 dia
863 3086 963 3148 doceri
987 3087 1057 3147 satis
1081 3104 1128 3147 me
1155 3093 1310 3163 expertum

166 3204 230 3249 esse
252 3188 340 3248 vides.
376 3189 494 3249 tandem
517 3190 605 3267 igitur
626 3189 742 3250 advenit
767 3195 898 3266 tempus,
922 3205 981 3268 quo
1004 3186 1122 3264 publice
1144 3189 1212 3248 viris
1234 3189 1310 3266 opti-

164 3291 235 3359 miS,
270 3290 320 3367 qui
355 3289 488 3351 laborem
522 3309 622 3351 meum
653 3289 855 3352 benevolentia
893 3295 922 3351 et
955 3289 1093 3351 subsidiis
1121 3289 1308 3358 adiuverunt,

165 3398 281 3467 gratum
305 3392 434 3452 animum
456 3411 556 3452 meum
577 3391 725 3453 testificari
746 3391 846 3452 liceat:
880 3409 954 3471 quos
976 3392 1080 3452 eximia
1103 3409 1155 3452 sun
1172 3391 1308 3452 humani-

166 3499 223 3552 tate
246 3510 304 3552 non
327 3491 413 3571 plane
435 3493 588 3571 indignum
610 3493 720 3555 librum
742 3495 847 3554 fovisse
872 3512 960 3573 spero
982 3495 1046 3555 lore
1068 3500 1100 3554 ut
1128 3495 1214 3573 aequi
1235 3493 1310 3553 iudi-

166 3611 214 3654 ces
234 3594 391 3656 iudicaturi
413 3597 480 3656 sint.

367 3747 477 3799 Dnbum
495 3751 610 3801 Bonuae

282 3866 375 3902 mense
393 3851 472 3905 Iunio
489 3850 675 3903 uhccchx.
