<?xml version="1.0" encoding="UTF-8"?>
<!DOCTYPE html PUBLIC "-//W3C//DTD XHTML 1.0 Transitional//EN"
    "http://www.w3.org/TR/xhtml1/DTD/xhtml1-transitional.dtd">
<html xmlns="http://www.w3.org/1999/xhtml" xml:lang="en" lang="en">
 <head>
  <title>
</title>
<meta http-equiv="Content-Type" content="text/html;charset=utf-8" />
  <meta name='ocr-system' content='tesseract 3.04.00' />
  <meta name='ocr-capabilities' content='ocr_page ocr_carea ocr_par ocr_line ocrx_word'/>
</head>
<body>
  <div class='ocr_page' id='page_1' title='image "./csvetonitranqvi00ritsgoog_0463.png"; bbox 0 0 2964 5002; ppageno 0'>
   <div class='ocr_carea' id='block_1_1' title="bbox 166 366 957 435">
    <p class='ocr_par' dir='ltr' id='par_1_1' title="bbox 166 366 957 435">
     <span class='ocr_line' id='line_1_1' title="bbox 166 366 957 435; baseline -0.011 -6"><span class='ocrx_word' id='word_1_1' title='bbox 166 366 227 430; x_wconf 70' lang='lat' dir='ltr'><strong>lid</strong></span> <span class='ocrx_word' id='word_1_2' title='bbox 480 383 706 435; x_wconf 66' lang='lat' dir='ltr'><strong>ourss&#39;rronas</strong></span> <span class='ocrx_word' id='word_1_3' title='bbox 730 380 957 426; x_wconf 81' lang='lat' dir='ltr'><strong>svarosrsusn</strong></span> 
     </span>
    </p>
   </div>
   <div class='ocr_carea' id='block_1_2' title="bbox 109 532 1321 4470">
    <p class='ocr_par' dir='ltr' id='par_1_2' title="bbox 165 532 1313 717">
     <span class='ocr_line' id='line_1_2' title="bbox 165 532 1313 620; baseline -0.007 -22"><span class='ocrx_word' id='word_1_4' title='bbox 165 538 419 616; x_wconf 71' lang='lat' dir='ltr'>argumentationi</span> <span class='ocrx_word' id='word_1_5' title='bbox 442 534 645 620; x_wconf 87' lang='lat' dir='ltr'><strong>adstipulatus</strong></span> <span class='ocrx_word' id='word_1_6' title='bbox 661 536 726 594; x_wconf 84' lang='lat' dir='ltr'><strong>fere</strong></span> <span class='ocrx_word' id='word_1_7' title='bbox 743 533 850 594; x_wconf 89' lang='lat' dir='ltr'><strong>eadem</strong></span> <span class='ocrx_word' id='word_1_8' title='bbox 866 539 970 591; x_wconf 89' lang='lat' dir='ltr'><strong>tamen</strong></span> <span class='ocrx_word' id='word_1_9' title='bbox 986 532 1100 608; x_wconf 85' lang='lat' dir='ltr'><strong>arguit,</strong></span> <span class='ocrx_word' id='word_1_10' title='bbox 1120 550 1199 610; x_wconf 88' lang='lat' dir='ltr'><strong>qnae</strong></span> <span class='ocrx_word' id='word_1_11' title='bbox 1216 532 1313 590; x_wconf 88' lang='lat' dir='ltr'><strong>etiam</strong></span> 
     </span>
     <span class='ocr_line' id='line_1_3' title="bbox 165 635 767 717; baseline -0.01 -18"><span class='ocrx_word' id='word_1_12' title='bbox 165 639 252 700; x_wconf 89' lang='lat' dir='ltr'><strong>nobis</strong></span> <span class='ocrx_word' id='word_1_13' title='bbox 269 641 298 696; x_wconf 91' lang='lat' dir='ltr'><strong>in</strong></span> <span class='ocrx_word' id='word_1_14' title='bbox 314 658 352 696; x_wconf 90' lang='lat' dir='ltr'><strong>ea</strong></span> <span class='ocrx_word' id='word_1_15' title='bbox 366 636 556 717; x_wconf 88' lang='lat' dir='ltr'><strong>inprobanda</strong></span> <span class='ocrx_word' id='word_1_16' title='bbox 573 635 767 696; x_wconf 88' lang='lat' dir='ltr'><strong>videbantur.</strong></span> 
     </span>
    </p>

    <p class='ocr_par' dir='ltr' id='par_1_3' title="bbox 129 734 1317 2947">
     <span class='ocr_line' id='line_1_4' title="bbox 249 734 1311 815; baseline -0.004 -16"><span class='ocrx_word' id='word_1_17' title='bbox 249 743 345 800; x_wconf 87' lang='lat' dir='ltr'><strong>Prata</strong></span> <span class='ocrx_word' id='word_1_18' title='bbox 363 748 464 799; x_wconf 87' lang='lat' dir='ltr'><strong>autern</strong></span> <span class='ocrx_word' id='word_1_19' title='bbox 487 738 532 797; x_wconf 87' lang='lat' dir='ltr'><strong>bis</strong></span> <span class='ocrx_word' id='word_1_20' title='bbox 551 737 689 796; x_wconf 87' lang='lat' dir='ltr'><strong>nominat</strong></span> <span class='ocrx_word' id='word_1_21' title='bbox 712 735 864 795; x_wconf 79' lang='lat' dir='ltr'><strong>Isidorus:</strong></span> <span class='ocrx_word' id='word_1_22' title='bbox 900 755 961 794; x_wconf 86' lang='lat' dir='ltr'><strong>uno</strong></span> <span class='ocrx_word' id='word_1_23' title='bbox 983 735 1051 795; x_wconf 90' lang='lat' dir='ltr'><strong>loco</strong></span> <span class='ocrx_word' id='word_1_24' title='bbox 1072 735 1193 815; x_wconf 72' lang='lat' dir='ltr'><strong>(fragm.</strong></span> <span class='ocrx_word' id='word_1_25' title='bbox 1220 734 1311 812; x_wconf 59' lang='lat' dir='ltr'><strong>tw)</strong></span> 
     </span>
     <span class='ocr_line' id='line_1_5' title="bbox 166 837 1312 920; baseline -0.005 -20"><span class='ocrx_word' id='word_1_26' title='bbox 166 842 254 918; x_wconf 86' lang='lat' dir='ltr'><strong>signa</strong></span> <span class='ocrx_word' id='word_1_27' title='bbox 274 848 506 920; x_wconf 80' lang='lat' dir='ltr'><strong>tempestatum,</strong></span> <span class='ocrx_word' id='word_1_28' title='bbox 530 857 609 919; x_wconf 92' lang='lat' dir='ltr'><strong>quac</strong></span> <span class='ocrx_word' id='word_1_29' title='bbox 630 839 730 896; x_wconf 88' lang='lat' dir='ltr'><strong>nautis</strong></span> <span class='ocrx_word' id='word_1_30' title='bbox 753 837 969 909; x_wconf 75' lang='lat' dir='ltr'><strong>observantur,</strong></span> <span class='ocrx_word' id='word_1_31' title='bbox 993 855 1032 895; x_wconf 81' lang='lat' dir='ltr'><strong>ex</strong></span> <span class='ocrx_word' id='word_1_32' title='bbox 1050 837 1095 895; x_wconf 90' lang='lat' dir='ltr'><strong>eis</strong></span> <span class='ocrx_word' id='word_1_33' title='bbox 1116 844 1312 915; x_wconf 75' lang='lat' dir='ltr'><strong>repetuntur,</strong></span> 
     </span>
     <span class='ocr_line' id='line_1_6' title="bbox 167 919 1313 1020; baseline -0.004 -20"><span class='ocrx_word' id='word_1_34' title='bbox 167 943 271 1001; x_wconf 87' lang='lat' dir='ltr'><strong>altero</strong></span> <span class='ocrx_word' id='word_1_35' title='bbox 283 943 404 1020; x_wconf 82' lang='lat' dir='ltr'><strong>(fragm.</strong></span> <span class='ocrx_word' id='word_1_36' title='bbox 425 919 511 1017; x_wconf 52' lang='lat' dir='ltr'><strong>lev)</strong></span> <span class='ocrx_word' id='word_1_37' title='bbox 536 940 658 999; x_wconf 89' lang='lat' dir='ltr'><strong>uomina</strong></span> <span class='ocrx_word' id='word_1_38' title='bbox 672 937 764 997; x_wconf 87' lang='lat' dir='ltr'><strong>maris</strong></span> <span class='ocrx_word' id='word_1_39' title='bbox 786 958 823 998; x_wconf 90' lang='lat' dir='ltr'><strong>ac</strong></span> <span class='ocrx_word' id='word_1_40' title='bbox 841 938 996 999; x_wconf 90' lang='lat' dir='ltr'><strong>fluminum</strong></span> <span class='ocrx_word' id='word_1_41' title='bbox 1011 937 1213 1017; x_wconf 70' lang='lat' dir='ltr'><strong>explicantur.</strong></span> <span class='ocrx_word' id='word_1_42' title='bbox 1245 938 1313 1017; x_wconf 89' lang='lat' dir='ltr'><strong>qni-</strong></span> 
     </span>
     <span class='ocr_line' id='line_1_7' title="bbox 166 1038 1313 1120; baseline 0.001 -18"><span class='ocrx_word' id='word_1_43' title='bbox 166 1041 221 1102; x_wconf 88' lang='lat' dir='ltr'><strong>bns</strong></span> <span class='ocrx_word' id='word_1_44' title='bbox 243 1042 420 1120; x_wconf 78' lang='lat' dir='ltr'><strong>fragmentis</strong></span> <span class='ocrx_word' id='word_1_45' title='bbox 442 1044 502 1101; x_wconf 87' lang='lat' dir='ltr'><strong>iam</strong></span> <span class='ocrx_word' id='word_1_46' title='bbox 520 1043 589 1120; x_wconf 87' lang='lat' dir='ltr'><strong>ipsa</strong></span> <span class='ocrx_word' id='word_1_47' title='bbox 610 1041 781 1116; x_wconf 81' lang='lat' dir='ltr'><strong>argumenti</strong></span> <span class='ocrx_word' id='word_1_48' title='bbox 802 1049 912 1100; x_wconf 89' lang='lat' dir='ltr'><strong>natura</strong></span> <span class='ocrx_word' id='word_1_49' title='bbox 926 1040 1064 1114; x_wconf 87' lang='lat' dir='ltr'><strong>accedit,</strong></span> <span class='ocrx_word' id='word_1_50' title='bbox 1084 1038 1166 1120; x_wconf 87' lang='lat' dir='ltr'><strong>quod</strong></span> <span class='ocrx_word' id='word_1_51' title='bbox 1178 1059 1207 1098; x_wconf 87' lang='lat' dir='ltr'><strong>c.</strong></span> <span class='ocrx_word' id='word_1_52' title='bbox 1221 1046 1273 1112; x_wconf 79' lang='lat'><strong>37,</strong></span> <span class='ocrx_word' id='word_1_53' title='bbox 1295 1051 1313 1102; x_wconf 81' lang='grc' dir='ltr'><strong>ὀ</strong></span> 
     </span>
     <span class='ocr_line' id='line_1_8' title="bbox 166 1139 1313 1223; baseline -0.002 -21"><span class='ocrx_word' id='word_1_54' title='bbox 166 1143 211 1223; x_wconf 81' lang='lat' dir='ltr'><strong>(p.</strong></span> <span class='ocrx_word' id='word_1_55' title='bbox 231 1153 293 1220; x_wconf 71' lang='lat'><strong>132,</strong></span> <span class='ocrx_word' id='word_1_56' title='bbox 316 1142 423 1223; x_wconf 83' lang='lat' dir='ltr'><strong>3sqq.)</strong></span> <span class='ocrx_word' id='word_1_57' title='bbox 439 1142 561 1220; x_wconf 86' lang='lat' dir='ltr'><strong>legitur.</strong></span> <span class='ocrx_word' id='word_1_58' title='bbox 591 1139 642 1201; x_wconf 92' lang='lat' dir='ltr'><strong>ubi</strong></span> <span class='ocrx_word' id='word_1_59' title='bbox 659 1160 841 1221; x_wconf 86' lang='lat' dir='ltr'><strong>quemqnam</strong></span> <span class='ocrx_word' id='word_1_60' title='bbox 860 1142 1026 1203; x_wconf 76' lang='lat' dir='ltr'><strong>Suetonius</strong></span> <span class='ocrx_word' id='word_1_61' title='bbox 1041 1151 1174 1215; x_wconf 83' lang='lat' dir='ltr'><strong>tanturn,</strong></span> <span class='ocrx_word' id='word_1_62' title='bbox 1196 1162 1259 1201; x_wconf 87' lang='lat' dir='ltr'><strong>non</strong></span> <span class='ocrx_word' id='word_1_63' title='bbox 1275 1141 1313 1200; x_wconf 91' lang='lat' dir='ltr'><strong>li-</strong></span> 
     </span>
     <span class='ocr_line' id='line_1_9' title="bbox 166 1240 1315 1329; baseline -0.002 -24"><span class='ocrx_word' id='word_1_64' title='bbox 166 1247 221 1305; x_wconf 91' lang='lat' dir='ltr'><strong>ber</strong></span> <span class='ocrx_word' id='word_1_65' title='bbox 236 1247 301 1304; x_wconf 85' lang='lat' dir='ltr'><strong>eins</strong></span> <span class='ocrx_word' id='word_1_66' title='bbox 315 1245 427 1316; x_wconf 85' lang='lat' dir='ltr'><strong>¹dicitur</strong></span> <span class='ocrx_word' id='word_1_67' title='bbox 440 1277 482 1288; x_wconf 91' lang='lat'><em>-</em></span> <span class='ocrx_word' id='word_1_68' title='bbox 498 1262 597 1329; x_wconf 81' lang='lat' dir='ltr'><strong>sermo</strong></span> <span class='ocrx_word' id='word_1_69' title='bbox 612 1249 715 1301; x_wconf 68' lang='lat' dir='ltr'><strong>nartem</strong></span> <span class='ocrx_word' id='word_1_70' title='bbox 731 1249 778 1300; x_wconf 89' lang='lat' dir='ltr'><strong>est</strong></span> <span class='ocrx_word' id='word_1_71' title='bbox 794 1240 833 1302; x_wconf 94' lang='lat' dir='ltr'><strong>de</strong></span> <span class='ocrx_word' id='word_1_72' title='bbox 848 1245 949 1303; x_wconf 90' lang='lat' dir='ltr'><strong>ventis</strong></span> <span class='ocrx_word' id='word_1_73' title='bbox 968 1263 1045 1322; x_wconf 86' lang='lat' dir='ltr'><strong>qnos</strong></span> <span class='ocrx_word' id='word_1_74' title='bbox 1062 1244 1168 1303; x_wconf 90' lang='lat' dir='ltr'><strong>dicnnt</strong></span> <span class='ocrx_word' id='word_1_75' title='bbox 1187 1252 1315 1312; x_wconf 53' lang='lat' dir='ltr'><strong>veteres⁴</strong></span> 
     </span>
     <span class='ocr_line' id='line_1_10' title="bbox 167 1342 1313 1425; baseline -0.003 -19"><span class='ocrx_word' id='word_1_76' title='bbox 167 1343 323 1425; x_wconf 69' lang='grc' dir='ltr'><strong><em>ἐγχωρίους</em></strong></span> <span class='ocrx_word' id='word_1_77' title='bbox 358 1345 425 1405; x_wconf 89' lang='lat' dir='ltr'><strong>sive</strong></span> <span class='ocrx_word' id='word_1_78' title='bbox 454 1343 629 1421; x_wconf 74' lang='lat' dir='ltr'><strong>regionales</strong></span> <span class='ocrx_word' id='word_1_79' title='bbox 654 1342 814 1403; x_wconf 89' lang='lat' dir='ltr'><strong>—cidem</strong></span> <span class='ocrx_word' id='word_1_80' title='bbox 842 1344 928 1423; x_wconf 90' lang='lat' dir='ltr'><strong>operi</strong></span> <span class='ocrx_word' id='word_1_81' title='bbox 960 1343 1146 1404; x_wconf 87' lang='lat' dir='ltr'><strong>Suetoniano</strong></span> <span class='ocrx_word' id='word_1_82' title='bbox 1176 1343 1313 1404; x_wconf 90' lang='lat' dir='ltr'><strong>tribuere</strong></span> 
     </span>
     <span class='ocr_line' id='line_1_11' title="bbox 166 1443 1314 1524; baseline -0.004 -16"><span class='ocrx_word' id='word_1_83' title='bbox 166 1449 323 1509; x_wconf 82' lang='lat' dir='ltr'><strong>Beokeme</strong></span> <span class='ocrx_word' id='word_1_84' title='bbox 339 1467 401 1508; x_wconf 91' lang='lat' dir='ltr'><strong>non</strong></span> <span class='ocrx_word' id='word_1_85' title='bbox 415 1446 574 1507; x_wconf 83' lang='lat' dir='ltr'><strong>dubitavit.</strong></span> <span class='ocrx_word' id='word_1_86' title='bbox 609 1443 664 1505; x_wconf 90' lang='lat' dir='ltr'><strong>sed</strong></span> <span class='ocrx_word' id='word_1_87' title='bbox 680 1444 770 1504; x_wconf 72' lang='lat' dir='ltr'><strong>sinim</strong></span> <span class='ocrx_word' id='word_1_88' title='bbox 784 1444 843 1504; x_wconf 90' lang='lat' dir='ltr'><strong>hoo</strong></span> <span class='ocrx_word' id='word_1_89' title='bbox 858 1446 927 1505; x_wconf 90' lang='lat' dir='ltr'><strong>loco</strong></span> <span class='ocrx_word' id='word_1_90' title='bbox 945 1447 1056 1505; x_wconf 88' lang='lat' dir='ltr'><strong>iterum</strong></span> <span class='ocrx_word' id='word_1_91' title='bbox 1076 1465 1190 1504; x_wconf 87' lang='lat' dir='ltr'><strong>novum</strong></span> <span class='ocrx_word' id='word_1_92' title='bbox 1214 1445 1314 1524; x_wconf 89' lang='lat' dir='ltr'><strong>pratis</strong></span> 
     </span>
     <span class='ocr_line' id='line_1_12' title="bbox 168 1544 1313 1628; baseline -0.003 -19"><span class='ocrx_word' id='word_1_93' title='bbox 168 1557 260 1628; x_wconf 89' lang='lat' dir='ltr'><strong>caput</strong></span> <span class='ocrx_word' id='word_1_94' title='bbox 274 1549 405 1609; x_wconf 89' lang='lat' dir='ltr'><strong>restitnit</strong></span> <span class='ocrx_word' id='word_1_95' title='bbox 415 1548 483 1628; x_wconf 89' lang='lat' dir='ltr'><strong>ipsa</strong></span> <span class='ocrx_word' id='word_1_96' title='bbox 494 1548 612 1606; x_wconf 88' lang='lat' dir='ltr'><strong>ratione</strong></span> <span class='ocrx_word' id='word_1_97' title='bbox 627 1566 687 1627; x_wconf 90' lang='lat' dir='ltr'><strong>qua</strong></span> <span class='ocrx_word' id='word_1_98' title='bbox 701 1544 838 1607; x_wconf 84' lang='lat' dir='ltr'><strong>Isidorus</strong></span> <span class='ocrx_word' id='word_1_99' title='bbox 848 1547 1063 1628; x_wconf 74' lang='lat' dir='ltr'><strong>Tranquillum</strong></span> <span class='ocrx_word' id='word_1_100' title='bbox 1074 1546 1313 1607; x_wconf 83' lang='lat' dir='ltr'><strong>nominatusus.</strong></span> 
     </span>
     <span class='ocr_line' id='line_1_13' title="bbox 129 1647 1314 1730; baseline -0.003 -19"><span class='ocrx_word' id='word_1_101' title='bbox 129 1662 135 1671; x_wconf 84' lang='grc'><em>“</em></span> <span class='ocrx_word' id='word_1_102' title='bbox 167 1670 238 1711; x_wconf 85' lang='lat' dir='ltr'><strong>nam</strong></span> <span class='ocrx_word' id='word_1_103' title='bbox 252 1669 288 1709; x_wconf 90' lang='lat' dir='ltr'><strong>eo</strong></span> <span class='ocrx_word' id='word_1_104' title='bbox 306 1648 388 1730; x_wconf 93' lang='lat' dir='ltr'><strong>quod</strong></span> <span class='ocrx_word' id='word_1_105' title='bbox 408 1648 482 1709; x_wconf 86' lang='lat' dir='ltr'><strong>dicit</strong></span> <span class='ocrx_word' id='word_1_106' title='bbox 500 1653 639 1724; x_wconf 81' lang='lat' dir='ltr'><strong>quosdam</strong></span> <span class='ocrx_word' id='word_1_107' title='bbox 655 1658 750 1708; x_wconf 83' lang='lat' dir='ltr'><strong>autem</strong></span> <span class='ocrx_word' id='word_1_108' title='bbox 770 1652 957 1727; x_wconf 78' lang='lat' dir='ltr'><strong>Tranquillas</strong></span> <span class='ocrx_word' id='word_1_109' title='bbox 978 1649 1069 1708; x_wconf 91' lang='lat' dir='ltr'><strong>etiam</strong></span> <span class='ocrx_word' id='word_1_110' title='bbox 1088 1647 1250 1728; x_wconf 86' lang='lat' dir='ltr'><strong>superiora</strong></span> <span class='ocrx_word' id='word_1_111' title='bbox 1272 1647 1314 1707; x_wconf 91' lang='lat' dir='ltr'><strong>de</strong></span> 
     </span>
     <span class='ocr_line' id='line_1_14' title="bbox 129 1732 1314 1830; baseline -0.002 -18"><span class='ocrx_word' id='word_1_112' title='bbox 129 1732 133 1739; x_wconf 41' lang='lat'>¹</span> <span class='ocrx_word' id='word_1_113' title='bbox 167 1751 338 1813; x_wconf 88' lang='lat' dir='ltr'><strong>nominibus</strong></span> <span class='ocrx_word' id='word_1_114' title='bbox 352 1755 511 1810; x_wconf 85' lang='lat' dir='ltr'><strong>ventorum</strong></span> <span class='ocrx_word' id='word_1_115' title='bbox 524 1769 563 1810; x_wconf 85' lang='lat' dir='ltr'><strong>ex</strong></span> <span class='ocrx_word' id='word_1_116' title='bbox 588 1748 696 1809; x_wconf 88' lang='lat' dir='ltr'><strong>eodem</strong></span> <span class='ocrx_word' id='word_1_117' title='bbox 719 1759 844 1810; x_wconf 88' lang='lat' dir='ltr'><strong>auctore</strong></span> <span class='ocrx_word' id='word_1_118' title='bbox 868 1770 902 1811; x_wconf 92' lang='lat' dir='ltr'><strong>se</strong></span> <span class='ocrx_word' id='word_1_119' title='bbox 918 1749 1059 1810; x_wconf 87' lang='lat' dir='ltr'><strong>hausisse</strong></span> <span class='ocrx_word' id='word_1_120' title='bbox 1077 1748 1190 1829; x_wconf 80' lang='lat' dir='ltr'><strong>prodit.</strong></span> <span class='ocrx_word' id='word_1_121' title='bbox 1220 1769 1314 1830; x_wconf 85' lang='lat' dir='ltr'><strong>qnam</strong></span> 
     </span>
     <span class='ocr_line' id='line_1_15' title="bbox 168 1836 1312 1927; baseline -0.002 -13"><span class='ocrx_word' id='word_1_122' title='bbox 168 1853 412 1914; x_wconf 88' lang='lat' dir='ltr'><strong>observationem</strong></span> <span class='ocrx_word' id='word_1_123' title='bbox 441 1836 565 1927; x_wconf 76' lang='lat' dir='ltr'><strong>egregie</strong></span> <span class='ocrx_word' id='word_1_124' title='bbox 590 1851 689 1911; x_wconf 88' lang='lat' dir='ltr'><strong>firmat</strong></span> <span class='ocrx_word' id='word_1_125' title='bbox 710 1853 843 1912; x_wconf 79' lang='lat' dir='ltr'><strong>carmine</strong></span> <span class='ocrx_word' id='word_1_126' title='bbox 870 1873 889 1912; x_wconf 91' lang='lat' dir='ltr'><strong>a</strong></span> <span class='ocrx_word' id='word_1_127' title='bbox 910 1851 1076 1913; x_wconf 80' lang='lat' dir='ltr'><strong>Theodoro</strong></span> <span class='ocrx_word' id='word_1_128' title='bbox 1103 1850 1241 1912; x_wconf 89' lang='lat' dir='ltr'><strong>Oehlero</strong></span> <span class='ocrx_word' id='word_1_129' title='bbox 1263 1872 1312 1912; x_wconf 89' lang='lat' dir='ltr'><strong>re·</strong></span> 
     </span>
     <span class='ocr_line' id='line_1_16' title="bbox 168 1950 1313 2033; baseline 0.001 -20"><span class='ocrx_word' id='word_1_130' title='bbox 168 1963 255 2033; x_wconf 83' lang='lat' dir='ltr'><strong>porto</strong></span> <span class='ocrx_word' id='word_1_131' title='bbox 275 1953 326 2032; x_wconf 77' lang='lat' dir='ltr'><strong>(p.¹</strong></span> <span class='ocrx_word' id='word_1_132' title='bbox 342 1950 498 2032; x_wconf 71' lang='lat' dir='ltr'><strong>aotsqq.)‚</strong></span> <span class='ocrx_word' id='word_1_133' title='bbox 524 1952 575 2011; x_wconf 87' lang='lat' dir='ltr'><strong>cui</strong></span> <span class='ocrx_word' id='word_1_134' title='bbox 595 1952 774 2033; x_wconf 85' lang='lat' dir='ltr'><strong>inscriptum</strong></span> <span class='ocrx_word' id='word_1_135' title='bbox 794 1955 835 2014; x_wconf 87' lang='lat' dir='ltr'><strong>sit</strong></span> <span class='ocrx_word' id='word_1_136' title='bbox 856 1964 961 2015; x_wconf 67' lang='lat' dir='ltr'><strong>cerem</strong></span> <span class='ocrx_word' id='word_1_137' title='bbox 973 1958 1009 2013; x_wconf 80' lang='lat' dir='ltr'><strong>de</strong></span> <span class='ocrx_word' id='word_1_138' title='bbox 1022 1957 1090 2014; x_wconf 82' lang='lat' dir='ltr'><strong>XII</strong></span> <span class='ocrx_word' id='word_1_139' title='bbox 1104 1961 1200 2015; x_wconf 75' lang='lat' dir='ltr'><strong>nemis</strong></span> <span class='ocrx_word' id='word_1_140' title='bbox 1216 1960 1313 2016; x_wconf 84' lang='lat' dir='ltr'><strong>Tran-</strong></span> 
     </span>
     <span class='ocr_line' id='line_1_17' title="bbox 167 2051 1313 2137; baseline 0.002 -24"><span class='ocrx_word' id='word_1_141' title='bbox 167 2059 251 2129; x_wconf 74' lang='lat' dir='ltr'><strong>quilli</strong></span> <span class='ocrx_word' id='word_1_142' title='bbox 275 2059 399 2129; x_wconf 74' lang='lat' dir='ltr'><strong>physici.</strong></span> <span class='ocrx_word' id='word_1_143' title='bbox 449 2051 560 2133; x_wconf 90' lang='lat' dir='ltr'><strong>quibus</strong></span> <span class='ocrx_word' id='word_1_144' title='bbox 586 2054 696 2114; x_wconf 87' lang='lat' dir='ltr'><strong>eadem</strong></span> <span class='ocrx_word' id='word_1_145' title='bbox 727 2053 766 2114; x_wconf 90' lang='lat' dir='ltr'><strong>de</strong></span> <span class='ocrx_word' id='word_1_146' title='bbox 788 2055 888 2115; x_wconf 89' lang='lat' dir='ltr'><strong>ventis</strong></span> <span class='ocrx_word' id='word_1_147' title='bbox 913 2053 1073 2114; x_wconf 88' lang='lat' dir='ltr'><strong>traduntur</strong></span> <span class='ocrx_word' id='word_1_148' title='bbox 1097 2077 1180 2137; x_wconf 88' lang='lat' dir='ltr'><strong>qnae</strong></span> <span class='ocrx_word' id='word_1_149' title='bbox 1213 2056 1313 2117; x_wconf 88' lang='lat' dir='ltr'><strong>Isido-</strong></span> 
     </span>
     <span class='ocr_line' id='line_1_18' title="bbox 167 2154 1314 2237; baseline 0.003 -22"><span class='ocrx_word' id='word_1_150' title='bbox 167 2156 255 2215; x_wconf 85' lang='lat' dir='ltr'><strong>riana</strong></span> <span class='ocrx_word' id='word_1_151' title='bbox 277 2164 437 2218; x_wconf 87' lang='lat' dir='ltr'><strong>ventorum</strong></span> <span class='ocrx_word' id='word_1_152' title='bbox 463 2154 668 2235; x_wconf 77' lang='lat' dir='ltr'><strong>descriptione</strong></span> <span class='ocrx_word' id='word_1_153' title='bbox 693 2156 901 2230; x_wconf 88' lang='lat' dir='ltr'><strong>continentur,</strong></span> <span class='ocrx_word' id='word_1_154' title='bbox 922 2176 1013 2237; x_wconf 82' lang='lat' dir='ltr'><strong>qnam</strong></span> <span class='ocrx_word' id='word_1_155' title='bbox 1034 2157 1183 2218; x_wconf 84' lang='lat' dir='ltr'><strong>Suetonio</strong></span> <span class='ocrx_word' id='word_1_156' title='bbox 1204 2157 1314 2218; x_wconf 91' lang='lat' dir='ltr'><strong>deberi</strong></span> 
     </span>
     <span class='ocr_line' id='line_1_19' title="bbox 168 2256 1315 2340; baseline 0.002 -23"><span class='ocrx_word' id='word_1_157' title='bbox 168 2256 389 2331; x_wconf 84' lang='lat' dir='ltr'><strong>intelleximus,</strong></span> <span class='ocrx_word' id='word_1_158' title='bbox 415 2266 449 2318; x_wconf 93' lang='lat' dir='ltr'><strong>ut</strong></span> <span class='ocrx_word' id='word_1_159' title='bbox 481 2266 588 2336; x_wconf 88' lang='lat' dir='ltr'><strong>pateat</strong></span> <span class='ocrx_word' id='word_1_160' title='bbox 612 2257 761 2318; x_wconf 87' lang='lat' dir='ltr'><strong>incertum</strong></span> <span class='ocrx_word' id='word_1_161' title='bbox 781 2266 904 2338; x_wconf 89' lang='lat' dir='ltr'><strong>poetam</strong></span> <span class='ocrx_word' id='word_1_162' title='bbox 928 2267 1084 2338; x_wconf 88' lang='lat' dir='ltr'><strong>pratorum</strong></span> <span class='ocrx_word' id='word_1_163' title='bbox 1106 2270 1200 2340; x_wconf 84' lang='lat' dir='ltr'><strong>capnt</strong></span> <span class='ocrx_word' id='word_1_164' title='bbox 1220 2280 1315 2320; x_wconf 90' lang='lat' dir='ltr'><strong>versu</strong></span> 
     </span>
     <span class='ocr_line' id='line_1_20' title="bbox 168 2359 1316 2442; baseline 0.002 -23"><span class='ocrx_word' id='word_1_165' title='bbox 168 2359 339 2429; x_wconf 81' lang='lat' dir='ltr'><strong>inclusisse.</strong></span> <span class='ocrx_word' id='word_1_166' title='bbox 377 2359 472 2419; x_wconf 82' lang='lat' dir='ltr'><strong>fuisse</strong></span> <span class='ocrx_word' id='word_1_167' title='bbox 489 2366 590 2418; x_wconf 89' lang='lat' dir='ltr'><strong>autom</strong></span> <span class='ocrx_word' id='word_1_168' title='bbox 605 2359 782 2438; x_wconf 89' lang='lat' dir='ltr'><strong>posterioris</strong></span> <span class='ocrx_word' id='word_1_169' title='bbox 796 2360 913 2421; x_wconf 88' lang='lat' dir='ltr'><strong>saeculi</strong></span> <span class='ocrx_word' id='word_1_170' title='bbox 930 2378 1059 2434; x_wconf 88' lang='lat' dir='ltr'><strong>morem,</strong></span> <span class='ocrx_word' id='word_1_171' title='bbox 1082 2372 1117 2421; x_wconf 92' lang='lat' dir='ltr'><strong>nt</strong></span> <span class='ocrx_word' id='word_1_172' title='bbox 1132 2361 1316 2442; x_wconf 88' lang='lat' dir='ltr'><strong>scriptorum</strong></span> 
     </span>
     <span class='ocr_line' id='line_1_21' title="bbox 170 2459 1316 2542; baseline 0 -21"><span class='ocrx_word' id='word_1_173' title='bbox 170 2460 393 2541; x_wconf 86' lang='lat' dir='ltr'><strong>disputationes</strong></span> <span class='ocrx_word' id='word_1_174' title='bbox 411 2460 551 2522; x_wconf 87' lang='lat' dir='ltr'><strong>versibus</strong></span> <span class='ocrx_word' id='word_1_175' title='bbox 576 2459 730 2533; x_wconf 70' lang='lat' dir='ltr'><strong>ederent,</strong></span> <span class='ocrx_word' id='word_1_176' title='bbox 746 2464 827 2540; x_wconf 85' lang='lat' dir='ltr'><strong>aptis</strong></span> <span class='ocrx_word' id='word_1_177' title='bbox 850 2462 999 2542; x_wconf 77' lang='lat' dir='ltr'><strong>exemplis</strong></span> <span class='ocrx_word' id='word_1_178' title='bbox 1017 2462 1178 2523; x_wconf 77' lang='lat' dir='ltr'><strong>Beckerus</strong></span> <span class='ocrx_word' id='word_1_179' title='bbox 1199 2462 1316 2523; x_wconf 86' lang='lat' dir='ltr'><strong>docuit.</strong></span> 
     </span>
     <span class='ocr_line' id='line_1_22' title="bbox 169 2561 1315 2625; baseline 0.002 -3"><span class='ocrx_word' id='word_1_180' title='bbox 169 2582 227 2622; x_wconf 90' lang='lat' dir='ltr'><strong>nec</strong></span> <span class='ocrx_word' id='word_1_181' title='bbox 239 2563 349 2623; x_wconf 90' lang='lat' dir='ltr'><strong>deesse</strong></span> <span class='ocrx_word' id='word_1_182' title='bbox 361 2563 423 2622; x_wconf 89' lang='lat' dir='ltr'><strong>elia</strong></span> <span class='ocrx_word' id='word_1_183' title='bbox 434 2562 570 2623; x_wconf 87' lang='lat' dir='ltr'><strong>eiusdem</strong></span> <span class='ocrx_word' id='word_1_184' title='bbox 583 2563 658 2623; x_wconf 92' lang='lat' dir='ltr'><strong>artis</strong></span> <span class='ocrx_word' id='word_1_185' title='bbox 670 2563 702 2622; x_wconf 91' lang='lat' dir='ltr'><strong>in</strong></span> <span class='ocrx_word' id='word_1_186' title='bbox 715 2561 785 2622; x_wconf 89' lang='lat' dir='ltr'><strong>aliis</strong></span> <span class='ocrx_word' id='word_1_187' title='bbox 795 2562 1001 2624; x_wconf 82' lang='lat' dir='ltr'><strong>Suetonianae</strong></span> <span class='ocrx_word' id='word_1_188' title='bbox 1013 2565 1192 2625; x_wconf 88' lang='lat' dir='ltr'><strong>eruditionis</strong></span> <span class='ocrx_word' id='word_1_189' title='bbox 1207 2585 1315 2624; x_wconf 88' lang='lat' dir='ltr'><strong>monu-</strong></span> 
     </span>
     <span class='ocr_line' id='line_1_23' title="bbox 170 2664 1317 2748; baseline 0.001 -23"><span class='ocrx_word' id='word_1_190' title='bbox 170 2667 279 2725; x_wconf 87' lang='lat' dir='ltr'><strong>mentis</strong></span> <span class='ocrx_word' id='word_1_191' title='bbox 295 2664 450 2724; x_wconf 86' lang='lat' dir='ltr'><strong>adhibitae</strong></span> <span class='ocrx_word' id='word_1_192' title='bbox 466 2674 497 2724; x_wconf 87' lang='lat' dir='ltr'><strong>et</strong></span> <span class='ocrx_word' id='word_1_193' title='bbox 517 2685 590 2725; x_wconf 90' lang='lat' dir='ltr'><strong>vero</strong></span> <span class='ocrx_word' id='word_1_194' title='bbox 606 2683 699 2742; x_wconf 89' lang='lat' dir='ltr'><strong>super</strong></span> <span class='ocrx_word' id='word_1_195' title='bbox 720 2683 788 2744; x_wconf 85' lang='lat' dir='ltr'><strong>esse</strong></span> <span class='ocrx_word' id='word_1_196' title='bbox 811 2664 940 2724; x_wconf 89' lang='lat' dir='ltr'><strong>alterum</strong></span> <span class='ocrx_word' id='word_1_197' title='bbox 956 2665 1129 2745; x_wconf 84' lang='lat' dir='ltr'><strong>Tranquilli</strong></span> <span class='ocrx_word' id='word_1_198' title='bbox 1144 2667 1267 2748; x_wconf 84' lang='lat' dir='ltr'><strong>physici</strong></span> <span class='ocrx_word' id='word_1_199' title='bbox 1282 2676 1317 2726; x_wconf 87' lang='lat' dir='ltr'><strong>nt</strong></span> 
     </span>
     <span class='ocr_line' id='line_1_24' title="bbox 170 2764 1316 2846; baseline 0.003 -23"><span class='ocrx_word' id='word_1_200' title='bbox 170 2764 304 2824; x_wconf 87' lang='lat' dir='ltr'><strong>breviter</strong></span> <span class='ocrx_word' id='word_1_201' title='bbox 319 2767 418 2824; x_wconf 89' lang='lat' dir='ltr'><strong>dicam</strong></span> <span class='ocrx_word' id='word_1_202' title='bbox 432 2765 470 2825; x_wconf 91' lang='lat' dir='ltr'><strong>de</strong></span> <span class='ocrx_word' id='word_1_203' title='bbox 488 2767 587 2825; x_wconf 85' lang='lat' dir='ltr'><strong>ventis</strong></span> <span class='ocrx_word' id='word_1_204' title='bbox 609 2785 730 2824; x_wconf 91' lang='lat' dir='ltr'><strong>carmen</strong></span> <span class='ocrx_word' id='word_1_205' title='bbox 747 2785 801 2824; x_wconf 85' lang='lat' dir='ltr'><strong>suo</strong></span> <span class='ocrx_word' id='word_1_206' title='bbox 817 2765 884 2823; x_wconf 93' lang='lat' dir='ltr'><strong>loco</strong></span> <span class='ocrx_word' id='word_1_207' title='bbox 900 2766 980 2825; x_wconf 83' lang='lat' dir='ltr'><strong>inira</strong></span> <span class='ocrx_word' id='word_1_208' title='bbox 995 2770 1147 2846; x_wconf 87' lang='lat' dir='ltr'><strong>aperiam,</strong></span> <span class='ocrx_word' id='word_1_209' title='bbox 1166 2768 1219 2826; x_wconf 91' lang='lat' dir='ltr'><strong>uhi</strong></span> <span class='ocrx_word' id='word_1_210' title='bbox 1233 2768 1316 2827; x_wconf 87' lang='lat' dir='ltr'><strong>hanc</strong></span> 
     </span>
     <span class='ocr_line' id='line_1_25' title="bbox 171 2866 990 2947; baseline 0.002 -22"><span class='ocrx_word' id='word_1_211' title='bbox 171 2867 420 2940; x_wconf 81' lang='lat' dir='ltr'><strong>consuetudinem</strong></span> <span class='ocrx_word' id='word_1_212' title='bbox 437 2870 518 2927; x_wconf 90' lang='lat' dir='ltr'><strong>omni</strong></span> <span class='ocrx_word' id='word_1_213' title='bbox 534 2888 573 2927; x_wconf 84' lang='lat' dir='ltr'><strong>ex</strong></span> <span class='ocrx_word' id='word_1_214' title='bbox 594 2877 680 2947; x_wconf 89' lang='lat' dir='ltr'><strong>parte</strong></span> <span class='ocrx_word' id='word_1_215' title='bbox 696 2867 856 2926; x_wconf 88' lang='lat' dir='ltr'><strong>inlustrare</strong></span> <span class='ocrx_word' id='word_1_216' title='bbox 875 2866 990 2928; x_wconf 87' lang='lat' dir='ltr'><strong>licebit.</strong></span> 
     </span>
    </p>

    <p class='ocr_par' dir='ltr' id='par_1_4' title="bbox 109 2969 1319 3353">
     <span class='ocr_line' id='line_1_26' title="bbox 256 2969 1316 3049; baseline 0.005 -23"><span class='ocrx_word' id='word_1_217' title='bbox 256 2969 356 3027; x_wconf 92' lang='lat' dir='ltr'><strong>Vnum</strong></span> <span class='ocrx_word' id='word_1_218' title='bbox 369 2970 501 3029; x_wconf 83' lang='lat' dir='ltr'><strong>Beckeri</strong></span> <span class='ocrx_word' id='word_1_219' title='bbox 516 2979 741 3047; x_wconf 88' lang='lat' dir='ltr'><strong>argumentum,</strong></span> <span class='ocrx_word' id='word_1_220' title='bbox 758 2988 818 3048; x_wconf 93' lang='lat' dir='ltr'><strong>quo</strong></span> <span class='ocrx_word' id='word_1_221' title='bbox 834 2976 994 3028; x_wconf 90' lang='lat' dir='ltr'><strong>ventorum</strong></span> <span class='ocrx_word' id='word_1_222' title='bbox 1007 2971 1130 3031; x_wconf 90' lang='lat' dir='ltr'><strong>nomina</strong></span> <span class='ocrx_word' id='word_1_223' title='bbox 1145 2982 1177 3031; x_wconf 91' lang='lat' dir='ltr'><strong>ct</strong></span> <span class='ocrx_word' id='word_1_224' title='bbox 1186 2982 1316 3049; x_wconf 80' lang='lat' dir='ltr'><strong>naturas</strong></span> 
     </span>
     <span class='ocr_line' id='line_1_27' title="bbox 171 3068 1317 3148; baseline 0.004 -20"><span class='ocrx_word' id='word_1_225' title='bbox 171 3078 294 3143; x_wconf 89' lang='lat' dir='ltr'><strong>auctore</strong></span> <span class='ocrx_word' id='word_1_226' title='bbox 307 3069 452 3130; x_wconf 85' lang='lat' dir='ltr'><strong>Suetonio</strong></span> <span class='ocrx_word' id='word_1_227' title='bbox 466 3070 504 3130; x_wconf 92' lang='lat' dir='ltr'><strong>ab</strong></span> <span class='ocrx_word' id='word_1_228' title='bbox 516 3071 635 3131; x_wconf 88' lang='lat' dir='ltr'><strong>Isidoro</strong></span> <span class='ocrx_word' id='word_1_229' title='bbox 645 3070 752 3128; x_wconf 82' lang='lat' dir='ltr'><strong>referri</strong></span> <span class='ocrx_word' id='word_1_230' title='bbox 767 3068 897 3148; x_wconf 87' lang='lat' dir='ltr'><strong>probare</strong></span> <span class='ocrx_word' id='word_1_231' title='bbox 910 3081 1046 3144; x_wconf 86' lang='lat' dir='ltr'><strong>conatur,</strong></span> <span class='ocrx_word' id='word_1_232' title='bbox 1063 3074 1204 3133; x_wconf 88' lang='lat' dir='ltr'><strong>consulto</strong></span> <span class='ocrx_word' id='word_1_233' title='bbox 1218 3075 1317 3133; x_wconf 85' lang='lat' dir='ltr'><strong>omisi.</strong></span> 
     </span>
     <span class='ocr_line' id='line_1_28' title="bbox 170 3168 1319 3248; baseline 0.004 -19"><span class='ocrx_word' id='word_1_234' title='bbox 170 3174 263 3231; x_wconf 89' lang='lat' dir='ltr'><strong>utitur</strong></span> <span class='ocrx_word' id='word_1_235' title='bbox 279 3173 359 3231; x_wconf 89' lang='lat' dir='ltr'><strong>enim</strong></span> <span class='ocrx_word' id='word_1_236' title='bbox 376 3173 460 3232; x_wconf 93' lang='lat' dir='ltr'><strong>Plini</strong></span> <span class='ocrx_word' id='word_1_237' title='bbox 473 3182 504 3233; x_wconf 91' lang='lat' dir='ltr'><strong>et</strong></span> <span class='ocrx_word' id='word_1_238' title='bbox 519 3172 602 3233; x_wconf 85' lang='lat' dir='ltr'><strong>Gelli</strong></span> <span class='ocrx_word' id='word_1_239' title='bbox 619 3170 714 3240; x_wconf 87' lang='lat' dir='ltr'><strong>locis,</strong></span> <span class='ocrx_word' id='word_1_240' title='bbox 738 3168 847 3248; x_wconf 91' lang='lat' dir='ltr'><strong>quibus</strong></span> <span class='ocrx_word' id='word_1_241' title='bbox 872 3181 1030 3231; x_wconf 89' lang='lat' dir='ltr'><strong>ventorum</strong></span> <span class='ocrx_word' id='word_1_242' title='bbox 1052 3173 1126 3233; x_wconf 90' lang='lat' dir='ltr'><strong>ordo</strong></span> <span class='ocrx_word' id='word_1_243' title='bbox 1143 3183 1175 3234; x_wconf 89' lang='lat' dir='ltr'><strong>et</strong></span> <span class='ocrx_word' id='word_1_244' title='bbox 1192 3176 1319 3234; x_wconf 89' lang='lat' dir='ltr'><strong>nomina</strong></span> 
     </span>
     <span class='ocr_line' id='line_1_29' title="bbox 109 3271 1317 3353; baseline 0.002 -19"><span class='ocrx_word' id='word_1_245' title='bbox 109 3321 111 3325; x_wconf 43' lang='lat'>&gt;</span> <span class='ocrx_word' id='word_1_246' title='bbox 171 3274 367 3345; x_wconf 80' lang='lat' dir='ltr'><strong>exhibentur,</strong></span> <span class='ocrx_word' id='word_1_247' title='bbox 397 3282 430 3332; x_wconf 90' lang='lat' dir='ltr'><strong>ut</strong></span> <span class='ocrx_word' id='word_1_248' title='bbox 453 3294 492 3333; x_wconf 83' lang='lat' dir='ltr'><strong>ex</strong></span> <span class='ocrx_word' id='word_1_249' title='bbox 514 3274 582 3353; x_wconf 89' lang='lat' dir='ltr'><strong>ipsa</strong></span> <span class='ocrx_word' id='word_1_250' title='bbox 606 3271 784 3330; x_wconf 91' lang='lat' dir='ltr'><strong>diversitate</strong></span> <span class='ocrx_word' id='word_1_251' title='bbox 804 3272 955 3333; x_wconf 91' lang='lat' dir='ltr'><strong>Isidorum</strong></span> <span class='ocrx_word' id='word_1_252' title='bbox 979 3275 1132 3335; x_wconf 88' lang='lat' dir='ltr'><strong>diversum</strong></span> <span class='ocrx_word' id='word_1_253' title='bbox 1158 3286 1317 3336; x_wconf 89' lang='lat' dir='ltr'><strong>auctorem</strong></span> 
     </span>
    </p>

    <p class='ocr_par' dir='ltr' id='par_1_5' title="bbox 153 3372 1321 4470">
     <span class='ocr_line' id='line_1_30' title="bbox 171 3372 1317 3454; baseline 0.003 -20"><span class='ocrx_word' id='word_1_254' title='bbox 171 3374 346 3435; x_wconf 86' lang='lat' dir='ltr'><strong>adhibuisse</strong></span> <span class='ocrx_word' id='word_1_255' title='bbox 362 3374 512 3434; x_wconf 82' lang='lat' dir='ltr'><strong>ostendat.</strong></span> <span class='ocrx_word' id='word_1_256' title='bbox 539 3373 622 3454; x_wconf 94' lang='lat' dir='ltr'><strong>quod</strong></span> <span class='ocrx_word' id='word_1_257' title='bbox 638 3384 670 3431; x_wconf 91' lang='lat' dir='ltr'><strong>ut</strong></span> <span class='ocrx_word' id='word_1_258' title='bbox 684 3381 768 3431; x_wconf 88' lang='lat' dir='ltr'><strong>recte</strong></span> <span class='ocrx_word' id='word_1_259' title='bbox 785 3372 949 3446; x_wconf 83' lang='lat' dir='ltr'><strong>conclusit,</strong></span> <span class='ocrx_word' id='word_1_260' title='bbox 967 3375 1010 3433; x_wconf 88' lang='lat' dir='ltr'><strong>ita</strong></span> <span class='ocrx_word' id='word_1_261' title='bbox 1024 3377 1116 3436; x_wconf 89' lang='lat' dir='ltr'><strong>nolim</strong></span> <span class='ocrx_word' id='word_1_262' title='bbox 1133 3398 1203 3437; x_wconf 90' lang='lat' dir='ltr'><strong>eum</strong></span> <span class='ocrx_word' id='word_1_263' title='bbox 1218 3379 1317 3438; x_wconf 89' lang='lat' dir='ltr'><strong>credi-</strong></span> 
     </span>
     <span class='ocr_line' id='line_1_31' title="bbox 172 3475 1319 3559; baseline 0.002 -22"><span class='ocrx_word' id='word_1_264' title='bbox 172 3478 253 3538; x_wconf 88' lang='lat' dir='ltr'><strong>disse</strong></span> <span class='ocrx_word' id='word_1_265' title='bbox 281 3497 317 3535; x_wconf 91' lang='lat' dir='ltr'><strong>ea</strong></span> <span class='ocrx_word' id='word_1_266' title='bbox 341 3498 374 3537; x_wconf 91' lang='lat' dir='ltr'><strong>re</strong></span> <span class='ocrx_word' id='word_1_267' title='bbox 403 3479 462 3535; x_wconf 86' lang='lat' dir='ltr'><strong>ium</strong></span> <span class='ocrx_word' id='word_1_268' title='bbox 482 3476 654 3555; x_wconf 78' lang='lat' dir='ltr'><strong>Tranquilli</strong></span> <span class='ocrx_word' id='word_1_269' title='bbox 676 3475 887 3534; x_wconf 88' lang='lat' dir='ltr'><strong>auctoritatem</strong></span> <span class='ocrx_word' id='word_1_270' title='bbox 908 3475 946 3535; x_wconf 92' lang='lat' dir='ltr'><strong>ab</strong></span> <span class='ocrx_word' id='word_1_271' title='bbox 966 3477 1146 3556; x_wconf 86' lang='lat' dir='ltr'><strong>Hispalensi</strong></span> <span class='ocrx_word' id='word_1_272' title='bbox 1170 3481 1319 3559; x_wconf 86' lang='lat' dir='ltr'><strong>episcopo</strong></span> 
     </span>
     <span class='ocr_line' id='line_1_32' title="bbox 171 3579 1317 3665; baseline 0.005 -28"><span class='ocrx_word' id='word_1_273' title='bbox 171 3588 348 3665; x_wconf 89' lang='lat' dir='ltr'><strong>usurpatam</strong></span> <span class='ocrx_word' id='word_1_274' title='bbox 368 3588 519 3637; x_wconf 88' lang='lat' dir='ltr'><strong>constare.</strong></span> <span class='ocrx_word' id='word_1_275' title='bbox 538 3597 648 3656; x_wconf 86' lang='lat' dir='ltr'><strong>nempe</strong></span> <span class='ocrx_word' id='word_1_276' title='bbox 664 3597 725 3636; x_wconf 91' lang='lat' dir='ltr'><strong>non</strong></span> <span class='ocrx_word' id='word_1_277' title='bbox 740 3579 911 3655; x_wconf 84' lang='lat' dir='ltr'><strong>reputavit,</strong></span> <span class='ocrx_word' id='word_1_278' title='bbox 930 3587 1034 3638; x_wconf 84' lang='lat' dir='ltr'><strong>extare</strong></span> <span class='ocrx_word' id='word_1_279' title='bbox 1050 3579 1127 3638; x_wconf 88' lang='lat' dir='ltr'><strong>alios</strong></span> <span class='ocrx_word' id='word_1_280' title='bbox 1138 3581 1317 3660; x_wconf 65' lang='lat' dir='ltr'><strong>scriptores,</strong></span> 
     </span>
     <span class='ocr_line' id='line_1_33' title="bbox 171 3679 1318 3760; baseline 0.001 -20"><span class='ocrx_word' id='word_1_281' title='bbox 171 3682 225 3760; x_wconf 90' lang='lat' dir='ltr'><strong>qui</strong></span> <span class='ocrx_word' id='word_1_282' title='bbox 244 3681 373 3740; x_wconf 88' lang='lat' dir='ltr'><strong>eandem</strong></span> <span class='ocrx_word' id='word_1_283' title='bbox 387 3699 451 3740; x_wconf 92' lang='lat' dir='ltr'><strong>rem</strong></span> <span class='ocrx_word' id='word_1_284' title='bbox 465 3679 734 3758; x_wconf 88' lang='lat' dir='ltr'><strong>pertractaverint,</strong></span> <span class='ocrx_word' id='word_1_285' title='bbox 748 3699 935 3758; x_wconf 88' lang='lat' dir='ltr'><strong>quorumque</strong></span> <span class='ocrx_word' id='word_1_286' title='bbox 948 3681 1007 3740; x_wconf 92' lang='lat' dir='ltr'><strong>dno</strong></span> <span class='ocrx_word' id='word_1_287' title='bbox 1023 3680 1101 3740; x_wconf 88' lang='lat' dir='ltr'><strong>adeo</strong></span> <span class='ocrx_word' id='word_1_288' title='bbox 1115 3681 1240 3741; x_wconf 87' lang='lat' dir='ltr'><strong>Seneca</strong></span> <span class='ocrx_word' id='word_1_289' title='bbox 1254 3693 1318 3741; x_wconf 88' lang='lat' dir='ltr'><strong>nat.</strong></span> 
     </span>
     <span class='ocr_line' id='line_1_34' title="bbox 172 3780 1319 3864; baseline 0.004 -25"><span class='ocrx_word' id='word_1_290' title='bbox 172 3790 289 3862; x_wconf 89' lang='lat' dir='ltr'><strong>quaest.</strong></span> <span class='ocrx_word' id='word_1_291' title='bbox 302 3783 330 3842; x_wconf 89' lang='lat' dir='ltr'>V</span> <span class='ocrx_word' id='word_1_292' title='bbox 345 3792 386 3845; x_wconf 89' lang='grc'><strong>16.</strong></span> <span class='ocrx_word' id='word_1_293' title='bbox 402 3790 432 3845; x_wconf 85' lang='grc'><strong>17</strong></span> <span class='ocrx_word' id='word_1_294' title='bbox 443 3790 474 3841; x_wconf 88' lang='lat' dir='ltr'><strong>et</strong></span> <span class='ocrx_word' id='word_1_295' title='bbox 491 3782 637 3858; x_wconf 87' lang='lat' dir='ltr'><strong>Vegetins</strong></span> <span class='ocrx_word' id='word_1_296' title='bbox 650 3780 710 3842; x_wconf 73' lang='lat' dir='ltr'><strong>VS</strong></span> <span class='ocrx_word' id='word_1_297' title='bbox 725 3801 792 3839; x_wconf 89' lang='lat' dir='ltr'><strong>curn</strong></span> <span class='ocrx_word' id='word_1_298' title='bbox 804 3780 923 3839; x_wconf 87' lang='lat' dir='ltr'><strong>Isidoro</strong></span> <span class='ocrx_word' id='word_1_299' title='bbox 939 3782 1006 3841; x_wconf 85' lang='lat' dir='ltr'><strong>fere</strong></span> <span class='ocrx_word' id='word_1_300' title='bbox 1024 3783 1228 3844; x_wconf 89' lang='lat' dir='ltr'><strong>consentiant.</strong></span> <span class='ocrx_word' id='word_1_301' title='bbox 1265 3787 1319 3864; x_wconf 90' lang='lat' dir='ltr'><strong>qni</strong></span> 
     </span>
     <span class='ocr_line' id='line_1_35' title="bbox 172 3883 1320 3962; baseline 0.002 -18"><span class='ocrx_word' id='word_1_302' title='bbox 172 3903 337 3944; x_wconf 88' lang='lat' dir='ltr'><strong>consensus</strong></span> <span class='ocrx_word' id='word_1_303' title='bbox 354 3884 436 3942; x_wconf 92' lang='lat' dir='ltr'><strong>ineo</strong></span> <span class='ocrx_word' id='word_1_304' title='bbox 454 3886 584 3943; x_wconf 83' lang='lat' dir='ltr'><strong>maxime</strong></span> <span class='ocrx_word' id='word_1_305' title='bbox 600 3884 799 3962; x_wconf 89' lang='lat' dir='ltr'><strong>conspicitur,</strong></span> <span class='ocrx_word' id='word_1_306' title='bbox 821 3883 904 3961; x_wconf 89' lang='lat' dir='ltr'><strong>quod</strong></span> <span class='ocrx_word' id='word_1_307' title='bbox 920 3892 989 3943; x_wconf 89' lang='lat' dir='ltr'><strong>octo</strong></span> <span class='ocrx_word' id='word_1_308' title='bbox 1009 3893 1171 3943; x_wconf 84' lang='lat' dir='ltr'><strong>ventorum</strong></span> <span class='ocrx_word' id='word_1_309' title='bbox 1192 3885 1320 3946; x_wconf 89' lang='lat' dir='ltr'><strong>tabulae</strong></span> 
     </span>
     <span class='ocr_line' id='line_1_36' title="bbox 153 3977 1320 4064; baseline 0.003 -21"><span class='ocrx_word' id='word_1_310' title='bbox 153 3977 159 3988; x_wconf 75' lang='lat'>&#39;</span> <span class='ocrx_word' id='word_1_311' title='bbox 171 3986 410 4044; x_wconf 87' lang='lat' dir='ltr'><strong>numerosiorem</strong></span> <span class='ocrx_word' id='word_1_312' title='bbox 422 3983 583 4044; x_wconf 89' lang='lat' dir='ltr'><strong>duodecim</strong></span> <span class='ocrx_word' id='word_1_313' title='bbox 592 3994 752 4044; x_wconf 86' lang='lat' dir='ltr'><strong>ventorum</strong></span> <span class='ocrx_word' id='word_1_314' title='bbox 761 3986 907 4043; x_wconf 86' lang='lat' dir='ltr'><strong>rationem</strong></span> <span class='ocrx_word' id='word_1_315' title='bbox 919 3985 1105 4064; x_wconf 85' lang='lat' dir='ltr'><strong>praeferunt.</strong></span> <span class='ocrx_word' id='word_1_316' title='bbox 1120 3986 1204 4064; x_wconf 91' lang='lat' dir='ltr'><strong>quod</strong></span> <span class='ocrx_word' id='word_1_317' title='bbox 1213 3997 1320 4046; x_wconf 87' lang='lat' dir='ltr'><strong>contra</strong></span> 
     </span>
     <span class='ocr_line' id='line_1_37' title="bbox 171 4084 1321 4168; baseline 0.002 -22"><span class='ocrx_word' id='word_1_318' title='bbox 171 4087 272 4146; x_wconf 87' lang='lat' dir='ltr'><strong>Plinio</strong></span> <span class='ocrx_word' id='word_1_319' title='bbox 296 4093 326 4143; x_wconf 90' lang='lat' dir='ltr'><strong>et</strong></span> <span class='ocrx_word' id='word_1_320' title='bbox 345 4084 447 4144; x_wconf 87' lang='lat' dir='ltr'><strong>Gellio</strong></span> <span class='ocrx_word' id='word_1_321' title='bbox 470 4086 636 4164; x_wconf 88' lang='lat' dir='ltr'><strong>simplicior</strong></span> <span class='ocrx_word' id='word_1_322' title='bbox 658 4086 735 4145; x_wconf 87' lang='lat' dir='ltr'><strong>ratio</strong></span> <span class='ocrx_word' id='word_1_323' title='bbox 757 4086 889 4164; x_wconf 89' lang='lat' dir='ltr'><strong>placuit,</strong></span> <span class='ocrx_word' id='word_1_324' title='bbox 911 4108 929 4146; x_wconf 91' lang='lat' dir='ltr'><strong>a</strong></span> <span class='ocrx_word' id='word_1_325' title='bbox 953 4087 1061 4167; x_wconf 86' lang='lat' dir='ltr'><strong>quibus</strong></span> <span class='ocrx_word' id='word_1_326' title='bbox 1080 4108 1142 4146; x_wconf 90' lang='lat' dir='ltr'><strong>non</strong></span> <span class='ocrx_word' id='word_1_327' title='bbox 1163 4087 1321 4168; x_wconf 87' lang='lat' dir='ltr'><strong>discrepat</strong></span> 
     </span>
     <span class='ocr_line' id='line_1_38' title="bbox 171 4186 1319 4269; baseline 0.003 -24"><span class='ocrx_word' id='word_1_328' title='bbox 171 4186 330 4264; x_wconf 84' lang='lat' dir='ltr'><strong>Ampelius</strong></span> <span class='ocrx_word' id='word_1_329' title='bbox 350 4199 381 4253; x_wconf 81' lang='lat'><strong>5,</strong></span> <span class='ocrx_word' id='word_1_330' title='bbox 401 4206 490 4265; x_wconf 91' lang='lat' dir='ltr'><strong>qnem</strong></span> <span class='ocrx_word' id='word_1_331' title='bbox 505 4188 700 4246; x_wconf 86' lang='lat' dir='ltr'><strong>Woelfflinus</strong></span> <span class='ocrx_word' id='word_1_332' title='bbox 717 4187 841 4264; x_wconf 85' lang='lat' dir='ltr'><strong>Nigidio</strong></span> <span class='ocrx_word' id='word_1_333' title='bbox 857 4189 968 4266; x_wconf 85' lang='lat' dir='ltr'><strong>Figulo</strong></span> <span class='ocrx_word' id='word_1_334' title='bbox 983 4208 1070 4247; x_wconf 86' lang='lat' dir='ltr'><strong>usum</strong></span> <span class='ocrx_word' id='word_1_335' title='bbox 1092 4208 1162 4247; x_wconf 88' lang='lat' dir='ltr'><strong>esso</strong></span> <span class='ocrx_word' id='word_1_336' title='bbox 1180 4192 1319 4269; x_wconf 82' lang='lat' dir='ltr'><strong>suspica·</strong></span> 
     </span>
     <span class='ocr_line' id='line_1_39' title="bbox 172 4287 1319 4368; baseline 0.003 -24"><span class='ocrx_word' id='word_1_337' title='bbox 172 4296 229 4344; x_wconf 91' lang='lat' dir='ltr'><strong>tur.</strong></span> <span class='ocrx_word' id='word_1_338' title='bbox 261 4288 436 4364; x_wconf 85' lang='lat' dir='ltr'><strong>praeiverat</strong></span> <span class='ocrx_word' id='word_1_339' title='bbox 453 4297 554 4346; x_wconf 88' lang='lat' dir='ltr'><strong>autern</strong></span> <span class='ocrx_word' id='word_1_340' title='bbox 571 4287 650 4361; x_wconf 87' lang='lat' dir='ltr'><strong>illis,</strong></span> <span class='ocrx_word' id='word_1_341' title='bbox 674 4291 725 4368; x_wconf 91' lang='lat' dir='ltr'><strong>qui</strong></span> <span class='ocrx_word' id='word_1_342' title='bbox 740 4309 759 4348; x_wconf 91' lang='lat' dir='ltr'><strong>a</strong></span> <span class='ocrx_word' id='word_1_343' title='bbox 777 4288 929 4347; x_wconf 91' lang='lat' dir='ltr'><strong>contraria</strong></span> <span class='ocrx_word' id='word_1_344' title='bbox 947 4298 1035 4367; x_wconf 91' lang='lat' dir='ltr'><strong>parte</strong></span> <span class='ocrx_word' id='word_1_345' title='bbox 1048 4288 1188 4361; x_wconf 87' lang='lat' dir='ltr'><strong>stabant,</strong></span> <span class='ocrx_word' id='word_1_346' title='bbox 1208 4292 1319 4364; x_wconf 88' lang='lat' dir='ltr'><strong>Varro,</strong></span> 
     </span>
     <span class='ocr_line' id='line_1_40' title="bbox 173 4389 1320 4470; baseline 0.005 -26"><span class='ocrx_word' id='word_1_347' title='bbox 173 4405 263 4466; x_wconf 92' lang='lat' dir='ltr'><strong>quem</strong></span> <span class='ocrx_word' id='word_1_348' title='bbox 282 4389 370 4468; x_wconf 90' lang='lat' dir='ltr'><strong>sequi</strong></span> <span class='ocrx_word' id='word_1_349' title='bbox 392 4408 426 4447; x_wconf 92' lang='lat' dir='ltr'><strong>se</strong></span> <span class='ocrx_word' id='word_1_350' title='bbox 449 4394 480 4449; x_wconf 91' lang='lat' dir='ltr'><strong>et</strong></span> <span class='ocrx_word' id='word_1_351' title='bbox 500 4389 621 4449; x_wconf 89' lang='lat' dir='ltr'><strong>Seneca</strong></span> <span class='ocrx_word' id='word_1_352' title='bbox 635 4399 665 4448; x_wconf 91' lang='lat' dir='ltr'><strong>ct</strong></span> <span class='ocrx_word' id='word_1_353' title='bbox 682 4391 830 4466; x_wconf 77' lang='lat' dir='ltr'><strong>vegetius</strong></span> <span class='ocrx_word' id='word_1_354' title='bbox 851 4391 980 4468; x_wconf 88' lang='lat' dir='ltr'><strong>professi</strong></span> <span class='ocrx_word' id='word_1_355' title='bbox 1004 4399 1083 4449; x_wconf 88' lang='lat' dir='ltr'><strong>sunt.</strong></span> <span class='ocrx_word' id='word_1_356' title='bbox 1119 4411 1251 4470; x_wconf 87' lang='lat' dir='ltr'><strong>qnorum</strong></span> <span class='ocrx_word' id='word_1_357' title='bbox 1266 4392 1320 4450; x_wconf 88' lang='lat' dir='ltr'><strong>hic</strong></span> 
     </span>
    </p>
   </div>
   <div class='ocr_carea' id='block_1_3' title="bbox 0 0 1496 5002">
    <p class='ocr_par' dir='ltr' id='par_1_6' title="bbox 0 0 1496 5002">
     <span class='ocr_line' id='line_1_41' title="bbox 0 0 1496 5002; baseline 0 0"><span class='ocrx_word' id='word_1_358' title='bbox 0 0 1496 5002; x_wconf 95' lang='lat' dir='ltr'><strong> </strong></span> 
     </span>
    </p>
   </div>
  </div>
 </body>
</html>
