2964 5002
119 392 128 415 .
169 344 233 411 tos
587 364 897 411 su-rrrnureerucn

150 516 314 579 ·bsbiliter
332 526 486 579 succense
503 550 546 561 -
566 516 710 581 ocum
731 518 793 579 elic
814 515 906 579 modo
928 516 1012 577 idem
1031 518 1173 577 Caeciius
1195 538 1313 580 nomen

169 618 253 679 inire
266 640 299 699 p.
313 628 357 693 33,
376 628 404 683 u
422 628 597 700 corruptum
612 629 669 681 est.

248 722 329 799 Peg.
344 720 400 793 28,
414 720 455 782 10
479 722 537 783 etsi
551 724 659 783 mirum
673 729 721 785 ost
739 721 773 782 in
788 726 883 781 dictus
900 729 944 781 est
963 721 1105 781 converti
1131 722 1315 801 potuisses

169 822 302 885 libroriis
323 826 446 897 dicitur,
471 832 576 883 nmen
591 824 740 885 Suetonio
754 823 830 898 boo,
851 842 916 883 nou
936 820 1013 885 illud
1032 821 1126 883 tribui
1146 823 1248 904 ipsum
1262 844 1314 885 ss·

169 944 243 986 nem
256 926 408 987 rationem
421 924 529 986 iubere
542 926 751 987 Momrneeuuc
765 926 864 987 sensit
877 926 1048 987 verissim.

227 1050 232 1067 ·
253 1028 330 1107 Peg.
349 1026 404 1101 20,
424 1026 441 1087 1
461 1030 493 1085 iu
514 1028 778 1107 praepositionem
798 1026 959 1089 sitiebam-
976 1036 1014 1087 ut
1036 1026 1179 1107 proximu
1204 1032 1313 1087 uuus

168 1148 247 1190 voce
265 1130 420 1205 honum,
448 1130 521 1211 quis
545 1132 678 1190 substitio
697 1133 826 1189 residens
846 1127 1020 1191 sentiebam
1037 1136 1218 1208 poetarum,
1246 1150 1313 1190 non

169 1232 351 1312 scriptorum
366 1250 445 1293 csse.
462 1284 466 1291 .
482 1230 548 1293 Sed
562 1230 704 1293 Suetonii
724 1240 829 1291 tumen
850 1240 986 1293 mutem
1000 1250 1021 1291 o
1040 1228 1155 1291 tslibuo
1175 1250 1243 1291 non
1257 1229 1312 1290 ub-

168 1334 324 1395 horruisse
347 1335 417 1414 ipse
442 1352 524 1395 nnnc
542 1334 836 1395 testis-certissimus
856 1332 1003 1415 prodest,
1029 1332 1083 1414 qui
1104 1330 1207 1411 Oslig.
1224 1352 1256 1393 e.
1277 1343 1314 1397 tt)

165 1444 232 1527 toro
246 1418 377 1497 resiiem
386 1434 484 1511 ¹(iiiiii,
499 1436 575 1497 Ner.
585 1445 618 1501 ts
630 1439 729 1497 curuli
741 1439 886 1505 residens,
902 1432 1038 1497 cnudo
1053 1443 1085 1493 ut
1096 1437 1198 1509 cqsnic
1210 1438 1312 1495 deute·

168 1542 247 1598 ricrc
266 1555 365 1597 umero
385 1540 559 1606 consideret,
585 1536 666 1616 Aug.
688 1544 724 1601 43
744 1541 846 1596 tecticc
865 1539 990 1611 muns,
1016 1538 1210 1599 incubuisse
1238 1545 1310 1599 toro.

167 1638 241 1701 Non
255 1639 424 1700 imitabitur
436 1640 531 1719 igitur
544 1648 682 1700 nostrum
696 1639 872 1719 exemplum
887 1638 941 1719 qui
960 1637 1093 1719 posthoc
1111 1638 1195 1699 benc
1216 1637 1311 1701 coloro

67 1754 72 1769 ·
167 1743 263 1802 vium
277 1742 453 1803 instituerit.
481 1741 607 1801 Diversi
621 1741 746 1821 generis
760 1750 833 1801 sunt
846 1744 876 1799 in
888 1756 925 1799 ec
935 1748 1023 1816 porte
1035 1742 1165 1801 mouit
1173 1740 1310 1821 Aug-43,

167 1847 198 1902 in
215 1846 365 1903 orchestra
381 1845 529 1902 considue
542 1850 592 1916 44,
613 1858 679 1901 cuns
693 1846 724 1901 iu
738 1846 810 1902 ossis
833 1843 937 1903 Vestae
950 1844 1103 1903 neum
1115 1842 1192 1903 uer.
1210 1852 1260 1919 19,
1280 1847 1311 1903 in

46 2018 51 2029 ι
167 1947 250 2005 dorso
262 1946 441 2005 Mcecenotis
453 1944 578 2003 cubobcu
591 1944 673 2023 Aug.
687 1950 738 2019 is,
753 1947 785 2003 s‘n
794 1948 947 2021 peristylio
963 1942 1142 2005 cubcboi-ib.
1157 1952 1205 2011 82

251 2044 390 2109 Versu8
412 2041 643 2126 percucurrisse]
680 2044 972 2126 Redupiicstionem
996 2066 1064 2107 cnm
1084 2045 1218 2109 codices·
1234 2046 1310 2109 Soe-

98 2186 104 2199 ·
165 2149 288 2209 tonieni
303 2148 422 2210 octiens
436 2156 561 2229 prester
579 2146 641 2209 boc
659 2148 835 2228 exemplum
852 2156 1000 2209 monotes
1021 2149 1055 2209 in
1076 2156 1311 2209 ccwcumruni

168 2248 236 2311 (iil.
251 2260 301 2324 58,
321 2253 541 2311 concucurrisse
553 2248 679 2325 1u1.·u‚
702 2254 874 2310 decucurrit·
888 2250 965 2311 Ner.
983 2260 1028 2326 u,
1047 2254 1229 2311 discucurrit
1243 2250 1310 2313 Osi.

157 2358 215 2429 'ou
241 2356 461 2413 eccmrrisrct
486 2350 578 2413 Gelb.
593 2360 654 2427 -18,
679 2356 870 2427 percucurrit
893 2352 968 2413 Ner.
993 2362 1027 2428 it,
1051 2357 1312 2427 procucurrissent

168 2454 279 2517 cnud.
294 2462 342 2531 oo,
358 2457 620 2516 transcucurrisset
638 2453 705 2516 eat
720 2462 770 2530 rt,
793 2453 877 2515 bend
897 2455 961 2515 scio
980 2474 1021 2514 sn
1043 2472 1082 2518 es
1102 2454 1156 2517 bio
1175 2456 1310 2537 scriptor

167 2557 208 2617 sit
222 2567 401 2618 constanter
414 2578 496 2618 nous.
533 2556 726 2638 Quemquam
744 2557 905 2617 fotendum
926 2566 974 2617 est
991 2557 1066 2617 item
1087 2558 1208 2619 octiens
1235 2576 1308 2618 esu·

168 2658 239 2719 dem
255 2659 347 2719 libros
363 2661 506 2738 ignorare
522 2660 553 2718 in
569 2664 732 2719 occurrisse
746 2660 820 2720 Ner.
836 2667 880 2719 21.
896 2668 945 2733 34,
966 2669 1181 2718 concurrerunt
1196 2657 1308 2720 claun

167 2770 211 2821 ii.
243 2760 314 2819 Oth.
333 2768 378 2832 iu,
400 2765 616 2820 concurrissent
640 2762 699 2820 Iul.
716 2770 763 2835 32,
788 2766 960 2835 occurrisset
983 2761 1064 2839 Aug.
1079 2769 1123 2825 96.
1155 2759 1307 2834 Clanis,

165 2866 315 2936 procrsrrit
328 2862 402 2921 Ner.
417 2869 461 2925 tt.

250 2962 326 3040 Peg.
342 2963 399 3036 29,
413 2963 432 3023 ὅ
447 2950 513 3043 sqq.
536 2965 689 3025 auctoris
710 2964 778 3024 libri
800 2965 934 3025 Parisini
955 2965 1101 3025 memorio
1121 2984 1204 3046 quoe
1231 2966 1309 3025 haec

167 3073 229 3123 est:
251 3069 384 3137 qrccmuis
399 3070 543 3125 uulnuiius
557 3071 593 3125 rie
609 3071 807 3125 uurncrutioue
824 3072 949 3126 omnium
970 3073 1010 3125 iic
1028 3070 1137 3126 scriem
1163 3072 1309 3126 ‘sumetur

166 3169 266 3254 becirc
282 3175 368 3224 scuta
382 3185 421 3225 cc
442 3170 487 3226 itio
502 3169 630 3243 subortu,
655 3171 699 3229 itu
713 3168 783 3229 libri
799 3170 913 3229 novicii
930 3170 1109 3251 discrepant
1123 3178 1158 3228 ut
1179 3173 1216 3227 uie
1238 3187 1307 3227 ense·

166 3271 322 3327 rncrctioue
339 3277 369 3328 et
390 3273 489 3329 scribit
502 3271 685 3346 exhibeant,
706 3273 822 3331 maiore
838 3292 877 3331 ex
897 3280 986 3351 porte
1008 3275 1131 3330 omnium
1154 3273 1307 3345 omittunt,

166 3391 222 3451 pro
238 3381 367 3429 ructetur
383 3382 484 3432 autem
498 3375 550 3434 vel
565 3383 729 3433 sumeretur
744 3374 930 3434 substituent
944 3374 995 3433 vel
1015 3376 1152 3433 submotu
1173 3375 1228 3434 vel
1241 3376 1307 3432 sub·

166 3473 262 3532 me'tur
280 3474 332 3533 vel
346 3478 496 3535 tribueret.
540 3478 582 3536 Et
597 3477 731 3536 numerio
747 3476 873 3556 quidem
889 3495 949 3556 quo
970 3476 1045 3535 sotis
1066 3477 1170 3549 ficret,
1195 3486 1249 3536 unt
1268 3494 1308 3533 cu

166 3579 243 3636 bisce
257 3578 448 3657 propositum
464 3586 511 3638 eet
527 3588 578 3638 ant
593 3597 632 3637 cu
646 3581 691 3636 itio
708 3580 896 3658 transposito
909 3587 982 3637 onte
994 3580 1128 3653 Hecyra:
1144 3587 1307 3658 utrumque

165 3679 240 3738 ontis
257 3679 376 3739 exiliter
392 3690 422 3740 et
435 3689 469 3740 ut
483 3680 523 3739 ed
539 3683 583 3741 rei
599 3700 744 3741 summum
760 3681 878 3740 enimus
895 3700 934 3739 ne
947 3679 1160 3739 adverteretur
1172 3679 1306 3760 quidem.

165 3782 340 3861 Numquid
363 3783 490 3843 tandem
516 3782 575 3843 eibi
599 3784 681 3843 velle
701 3782 778 3842 illud
800 3783 900 3861 ipsum
920 3791 1062 3851 sumetur,
1085 3784 1151 3842 eive
1174 3791 1308 3839 sumatur

166 3883 387 3944 substituerunt
401 3887 468 3960 olii,
485 3885 681 3965 putabimus?
707 3885 799 3964 Quod
814 3904 882 3943 cum
896 3884 1026 3944 liothins
1041 3904 1072 3964 p.
1086 3894 1137 3947 180
1152 3886 1197 3944 sic
1213 3886 1306 3944 inter·

166 3994 304 4066 pretatur
320 3991 398 4063 ‘rnog
412 3987 651 4065 hingenommen
668 3987 814 4062 werden',
838 3996 870 4046 ot
884 4006 990 4046 sonum
1005 3988 1193 4045 sententiam
1209 3996 1242 4045 et
1263 3987 1306 4046 le·

164 4089 317 4147 tinitotem
333 4087 552 4148 desideramus.
597 4090 664 4149 Nec
679 4090 748 4168 plue
763 4090 963 4169 profecerunt
978 4091 1004 4148 si
1020 4090 1071 4169 qni
1088 4109 1145 4167 pro
1161 4093 1307 4147 euirnetur

166 4196 367 4267 occeperunt:
395 4208 453 4246 nec
477 4190 559 4248 onim
584 4191 664 4250 hone
689 4192 752 4250 vim
771 4209 886 4249 tremere
905 4191 1031 4251 verbnm
1053 4191 1148 4250 liniret
1169 4192 1305 4263 omnino,

164 4309 224 4348 nec
239 4288 322 4348 undo
339 4290 503 4349 eximendo
517 4290 623 4350 subulo
637 4293 678 4351 eit
689 4312 790 4372 quevo
806 4313 915 4353 corroso
930 4312 1060 4373 qncmvo
1077 4292 1117 4350 od
1132 4294 1226 4351 finem
1243 4294 1306 4352 exi·

164 4391 291 4464 mendo,
318 4391 517 4469 intellegitur.
566 4393 658 4472 Quod
691 4402 793 4452 autom
820 4414 918 4454 nexno
939 4395 1164 4465 ‚eoirtenticmm
1187 4394 1308 4473 flagitat
