2964 5002
168 360 230 423 276
674 367 807 416 enormi

167 544 308 610 persona
337 531 393 584 aut
420 542 472 583 res
503 530 663 600 mutatur,
696 521 790 605 quasi
817 520 917 583 initus
944 519 977 582 in
1001 517 1138 584 alteram
1161 540 1243 585 rem.
1289 528 1322 583 ct

168 625 364 712 principium
399 620 515 698 semel,
547 621 676 683 initium
712 622 863 707 saepius:
912 621 1106 704 principium
1137 631 1174 686 ut
1209 627 1322 685 ‘arma

167 728 340 810 uirumque
367 729 483 802 cano',
512 721 641 784 initium
669 728 780 784 ‘musa
801 721 880 785 mihi
912 742 1029 785 causas
1051 732 1228 786 memora’.
1274 725 1322 785 in·

169 828 348 891 ueniuntur
367 835 475 888 tamen
495 823 672 907 principia,
695 843 778 907 quac
793 831 912 885 natura
927 825 978 886 sui
996 833 1110 888 carent
1124 833 1159 887 et
1175 825 1323 908 speciem

169 928 254 991 initii
277 925 415 1006 habent,
445 933 482 986 ut
504 929 556 986 ‘at
581 923 696 1006 regina
721 926 817 1006 graui
838 924 904 986 iam
928 923 1051 988 dudum
1075 928 1191 991 saucia
1218 934 1364 1000 cura's,

171 1039 204 1092 et
226 1029 290 1090 ‘sic
315 1027 403 1091 fatur
427 1024 601 1088 lacrimans
623 1022 786 1108 classique
808 1026 953 1090 immittit
975 1025 1146 1090 habenas!

256 1143 383 1190 mvrvu
394 1123 824 1210 usvrvusvrvuruevrvu]
839 1125 965 1189 inuium
977 1129 1124 1210 sinonis,
1137 1131 1252 1192 auium
1264 1127 1323 1192 fle-

171 1251 326 1308 xuosum,
340 1228 471 1292 deuium
487 1226 636 1290 desertus
649 1225 753 1306 locus,
765 1227 915 1312 peruium
931 1250 989 1314 per
1004 1227 1093 1313 quod
1106 1239 1323 1292 commeatur.

256 1344 429 1393 Innocens
444 1333 631 1408 ‚lnnoruvsJ
651 1328 806 1391 innocens
834 1342 884 1392 est
912 1331 1036 1396 nemini
1058 1351 1198 1412 nocens,
1229 1333 1323 1395 inno-

171 1434 249 1496 xius
271 1430 368 1517 culpa
389 1429 565 1494 cuiuslibet
587 1430 731 1492 criminis
755 1451 889 1494 uacuus.
1333 1451 1359 1491 ro

258 1546 423 1614 sueveras
446 1546 583 1593 ronuvs
601 1539 633 1592 et
654 1546 772 1592 escun
793 1529 855 1594 hoo
872 1533 1028 1615 interest,
1056 1534 1145 1620 quod
1168 1534 1324 1598 induciae

172 1657 307 1699 numero
329 1633 454 1696 dierum
477 1631 649 1712 finiuntur,
681 1631 767 1716 quod
790 1640 822 1695 et
844 1642 1046 1721 sequestram
1075 1657 1189 1721 pacem
1212 1633 1326 1721 appel·

173 1738 243 1800 lant
265 1745 301 1797 ut
331 1743 425 1818 ‘pace
450 1741 622 1815 sequestra
645 1731 702 1794 Bis
723 1754 818 1796 senos
840 1736 996 1820 pepigere
1020 1735 1119 1818 dies’3
1146 1735 1267 1800 foedus
1287 1737 1321 1799 in

173 1843 366 1924 perpetuum
392 1843 449 1894 aut
479 1831 512 1894 in
546 1853 707 1896 annorum
732 1844 856 1899 certum
891 1855 1061 1899 numerum
1088 1837 1224 1919 feritur3
1256 1858 1321 1923 pax

174 1959 247 2000 cum
277 1956 316 1998 eo
344 1931 465 2019 populo
493 1935 704 2018 conponitur‚
731 1935 787 2020 qui
814 1935 1009 2001 imbecillior
1029 1947 1081 2001 est
1102 1937 1210 2003 altero
1228 1959 1357 2024 prae-rs

175 2036 322 2112 valente,
350 2035 406 2121 qui
432 2034 598 2096 existimet
624 2035 726 2097 tutius
753 2056 824 2099 esse
845 2037 908 2102 sibi
931 2037 1132 2103 descendere
1155 2041 1190 2103 in
1212 2039 1322 2104 condi-

175 2142 280 2204 tiones
302 2137 392 2223 pacis
416 2156 512 2221 quam
534 2133 666 2198 dubiam
688 2134 768 2199 belli
788 2137 951 2202 fortunam
973 2140 1128 2225 experiri.

178 2278 257 2344 qnasi
275 2277 348 2326 intus
371 2275 401 2324 in
419 2274 535 2324 alterurn
552 2290 622 2324 rem:
643 2280 672 2323 ct
683 2276 848 2341 principium
860 2277 955 2338 semel,
975 2279 1085 2328 initium
1101 2279 1224 2344 saepius.
1249 2281 1325 2345 prin·

179 2348 294 2412 cipium:
315 2346 398 2393 Arma
415 2343 557 2407 uirumque
577 2358 655 2392 cano.
685 2343 805 2393 initium:
824 2344 905 2397 Musa
922 2345 990 2395 mihi
1008 2361 1109 2396 causus
1126 2362 1259 2398 momen.
1284 2349 1324 2396 in·

178 2417 327 2465 ueniuntur
344 2419 438 2462 tumen
456 2410 607 2476 principia,
627 2425 697 2475 qnae
716 2416 817 2461 nature
834 2413 877 2462 sni
895 2419 991 2463 ouant
1008 2420 1037 2463 et
1054 2416 1150 2479 specie
1174 2415 1259 2465 initis
1277 2414 1325 2463 ha·

178 2484 247 2534 beni
264 2488 306 2531 ut:
326 2481 362 2528 At
384 2479 481 2543 regina
504 2478 584 2543 graui
602 2477 759 2528 iamdudum
776 2480 873 2528 saucia
892 2495 967 2530 curu.
1004 2487 1045 2531 et:
1069 2483 1116 2533 sio
1135 2482 1213 2533 {stur
1235 2482 1325 2545 lacry-

179 2566 273 2611 mans,
298 2547 435 2611 classique
455 2546 578 2594 immittit
595 2544 739 2595 habenas)
776 2547 800 2595 (3
823 2563 849 2611 p.
868 2545 902 2598 93
925 2563 953 2597 ιι.
972 2547 1019 2598 58:
1039 2550 1221 2614 ‘Principium
1240 2551 1326 2601 totins

180 2618 376 2684 conperisset,
402 2614 509 2665 initium
533 2613 613 2677 quasi
635 2611 769 2676 primum)
811 2614 837 2662 H
859 2631 885 2679 p.
908 2614 935 2664 l:
964 2617 1142 2681 ‘Principium
1161 2622 1250 2669 totius
1268 2634 1326 2667 cor·

180 2690 268 2753 poris,
302 2683 411 2732 initium
439 2680 499 2730 rei.'
540 2680 683 2745 Appendix
711 2681 746 2730 ad
769 2682 854 2730 Probi
883 2690 970 2733 artem
998 2685 1130 2734 minorem
1159 2702 1186 2750 p.
1216 2686 1268 2736 450
1286 2700 1326 2748 sq.

181 2771 207 2804 n.
229 2754 288 2802 105:
315 2752 400 2798 ‘Inter
417 2749 582 2814 principium
600 2754 629 2795 et
651 2749 759 2797 initium
778 2750 830 2799 boo
848 2751 979 2814 interest,
999 2753 1068 2816 quod
1087 2753 1254 2819 principium
1273 2754 1326 2818 pri-

181 2837 253 2870 mam
275 2824 382 2884 partem
406 2818 536 2865 carminis
559 2815 711 2879 significat,
736 2818 847 2866 initium
870 2833 935 2868 uero
959 2821 1172 2884 uniuscuiusque
1197 2823 1239 2870 rei
1258 2821 1326 2870 inci·

182 2889 273 2936 dentis
297 2890 424 2949 coeptum
449 2899 508 2932 esse
536 2882 727 2932 domonstrat)
767 2886 781 2933 l
803 2884 867 2934 289:
894 2888 1020 2936 ‘Initium
1046 2893 1213 2951 esttecum,
1239 2905 1326 2953 aquo

182 2956 245 3019 quid
259 2954 365 3017 incipit,
385 2959 415 3000 ut
427 2952 607 3000 fundamenta
620 2951 724 3012 domus,
745 2955 841 3002 carina
859 2956 952 3013 nanim
972 2957 1135 3020 principium
1155 2964 1249 3007 alitem
1268 2972 1327 3005 uer·

181 3024 277 3072 borum
301 3020 439 3070 exordium
465 3016 526 3067 est.’
563 3018 656 3066 1475:
683 3021 864 3086 ‘Principium
889 3025 978 3086 prims
996 3038 1074 3088 pars,
1100 3025 1212 3074 initium
1235 3026 1326 3074 nnius·

181 3092 312 3152 cuiusque
331 3089 371 3136 rei
390 3087 550 3150 incipientis
569 3086 716 3150 coeptum)

250 3158 357 3205 inuium
370 3155 479 3204 denium
492 3156 582 3202 auium
595 3153 727 3219 peruium]
748 3155 772 3205 G
785 3173 810 3220 p.
827 3155 873 3204 104
887 3173 911 3205 ιι.
926 3158 990 3207 221:
1011 3159 1127 3208 ‘Inuium
1140 3162 1259 3209 estsine
1272 3162 1327 3221 uia,

182 3233 329 3281 secretum
354 3224 462 3272 (leuium
481 3223 606 3271 desertus
624 3221 714 3283 locus;
734 3225 824 3272 auium
844 3230 921 3274 extra
940 3228 1027 3288 uinm;
1051 3228 1177 3292 peruium
1190 3244 1241 3292 per
1259 3226 1328 3293 qnod

184 3290 370 3343 commeatur!
1030 3306 1035 3316 ·

250 3363 387 3410 Innocens
405 3354 541 3421 innoxius]
562 3357 585 3407 (i
608 3375 633 3423 p.
653 3356 687 3406 80
710 3374 736 3406 ιι.
756 3358 786 3407 ll:
812 3360 962 3411 ‘Innocens
980 3365 1134 3413 sanctitate
1159 3380 1264 3414 mamm
1288 3365 1328 3412 in-

183 3429 328 3493 telligitur,
349 3428 482 3476 innocuus
501 3426 618 3489 quinon
637 3425 723 3474 habet
741 3428 858 3476 nocendi
877 3429 1068 3480 uoluntatem)
1091 3431 1116 3480 R
1133 3448 1160 3495 p.
1179 3431 1244 3481 314:
1264 3433 1327 3494 l‘In·

184 3503 330 3546 nocentem
353 3503 381 3544 et
404 3496 557 3543 innocuum.
588 3494 721 3542 innocens
746 3496 897 3545 sanctitate
915 3499 1029 3558 morum)
1048 3498 1232 3562 intellegitur,
1252 3501 1328 3549 inno·

185 3581 251 3615 cuus
265 3566 310 3629 qui
328 3580 382 3612 non
401 3562 486 3610 habet
504 3563 559 3610 nim
578 3561 716 3610 nocendi’
746 3561 834 3612 1293:
856 3563 1002 3614 ‘Innocuos
1016 3573 1059 3615 est
1077 3567 1122 3616 cui
1135 3580 1191 3615 non
1204 3573 1327 3623 nocetur,

270 3694 335 3746 int
349 3686 382 3741 M
399 3677 413 3764 Η
434 3679 531 3759 arma]
556 3683 637 3755 Vero.
654 3685 725 3739 Aen.
747 3685 765 3739 Ι
783 3689 797 3739 l
812 3680 824 3762 ll
844 3685 1002 3763 duiroque
1020 3683 1062 3743 M¹
1085 3681 1097 3767 ΙΙ
1119 3685 1221 3765 musa]
1247 3692 1328 3762 Vero.

185 3777 256 3830 Aca.
273 3774 292 3828 I
301 3778 316 3826 t
334 3765 347 3848 ll
362 3767 514 3825 inuenitur
527 3769 559 3823 M
571 3761 584 3846 ll
599 3768 770 3845 tinitiaque
781 3771 812 3825 M
824 3763 838 3850 ΙΙ
852 3779 989 3830 naturam
1004 3773 1034 3828 M
1047 3766 1060 3852 Η
1076 3772 1217 3845 ‘sortasse
1229 3783 1330 3832 tamen

185 3855 334 3935 principia
350 3863 377 3908 rt
391 3851 523 3928 speciem
541 3851 634 3908 initii'
647 3855 785 3910 licinius:
801 3861 903 3914 tamen
918 3857 1004 3916 initia
1021 3868 1049 3914 ct
1064 3858 1200 3933 speciem
1220 3859 1330 3936 princi·

186 3943 228 4018 pii
243 3942 277 3997 M
289 3931 391 4018 iloni]
414 3937 498 4007 Verp.
516 3939 586 3991 Aen.
605 3939 676 3993 IIII
689 3932 833 4018 illesic]
856 3942 937 4015 Vero.
958 3947 1026 3999 Aen.
1054 3943 1097 3998 VI
1112 3938 1154 4018 Ill
1171 3943 1255 4003 satus
1273 3946 1305 4001 M
1318 3940 1330 4022 {l

187 4025 314 4084 immitet
330 4019 490 4093 abaeneas
506 4021 538 4074 M
558 4016 571 4099 ll
595 4032 620 4081 Η
639 4022 778 4081 inducias
798 4027 933 4082 Rotltius:
948 4026 1072 4084 inducia
1088 4029 1122 4084 M
1133 4021 1146 4106 ll
1163 4027 1289 4088 inducie
1303 4030 1334 4086 M

139 4160 142 4166 .
188 4106 192 4191 Ι
221 4118 251 4169 ιι)
269 4124 392 4164 numero
405 4106 542 4161 noturus:
561 4107 681 4164 nomine
698 4128 819 4167 uomero
833 4112 866 4167 M
886 4105 898 4190 {l
923 4121 955 4172 13
970 4132 1078 4190 pacem
1094 4114 1126 4169 M
1144 4107 1157 4192 ll
1179 4112 1274 4192 pace]
1294 4115 1332 4187 cs.

195 4196 278 4266 Very.
290 4195 358 4247 Aen.
375 4191 424 4246 XI
437 4195 490 4245 135
506 4184 518 4267 ll
535 4192 742 4266 sequestrabis
755 4195 788 4250 M
801 4190 813 4275 ll
829 4195 973 4272 pepigere
986 4200 1123 4255 Rotlu'ua¹
1135 4188 1333 4275 pepigessem

187 4281 221 4335 M
233 4274 246 4356 ll
265 4287 294 4338 14
309 4287 342 4333 ut
351 4275 381 4331 iu
389 4276 421 4330 M
434 4268 446 4355 ll
464 4275 699 4346 feriturscripai:
716 4280 812 4336 fertur
825 4282 859 4337 M
871 4276 883 4361 ll
903 4292 933 4342 15
945 4281 1124 4340 imbecillior
1135 4291 1184 4341 est
1196 4286 1336 4342 Romus:

186 4361 416 4420 imbecilliorem
433 4361 466 4416 M
478 4351 492 4438 ll
510 4367 541 4419 16
556 4355 642 4418 esset'
655 4365 689 4420 M
