2964 5002
633 408 640 422 .
672 385 715 428 nn
738 387 854 429 conns
1078 432 1087 438 ,
1295 369 1335 433 35

264 631 359 695 Haec
379 630 561 696 Suetonius
580 630 802 718 Tranquillus,
833 655 908 695 nam
926 632 1006 696 duos
1030 633 1199 698 Terentios
1223 647 1335 720 poetas

189 718 286 780 luisse
313 715 430 779 scribit
449 716 617 797 Maecius,
649 738 786 802 quorum
811 719 892 781 alter
913 716 1129 801 Fregellanus
1153 718 1252 782 luerit
1274 719 1336 782 Te-

189 802 310 864 rentius
333 799 434 881 Libo,
457 800 544 863 alter
565 799 738 863 libertinus
761 800 935 865 Terentius
957 801 1045 864 Afer·
1063 804 1183 888 patria,
1208 802 1248 865 de
1294 826 1335 867 uo

189 906 271 947 nune
292 884 466 969 loquimur.
506 883 670 970 Scipionis
692 883 822 948 fabulas
847 885 991 950 edidisse
1013 885 1202 949 Terentium
1230 826 1337 963 J[listl-

170 971 292 1052 slegius
315 970 349 1030 in
369 969 499 1032 actione
522 969 582 1031 ait:

340 1083 432 1146 'luae
451 1106 537 1170 quae
560 1094 719 1149 uocantur
741 1085 888 1167 fabulae,
910 1082 1046 1149 cuiacne
1069 1097 1159 1168 sunt,

340 1167 499 1237 Terenti?
521 1190 586 1232 non
608 1169 684 1251 bas,
706 1171 779 1233 iura
800 1172 855 1256 qui
877 1170 1006 1256 populis
1030 1171 1145 1249 dabat,

340 1252 473 1317 Summo
497 1251 553 1317 ille
573 1253 694 1318 honore
716 1255 869 1336 affectus,
893 1255 971 1318 fecit
994 1254 1151 1319 fabulas?

190 1372 271 1435 duae
294 1370 338 1434 ab
367 1369 567 1455 Apollodoro
596 1371 774 1434 translatae
798 1393 870 1434 esse
897 1371 1050 1435 dicuntur
1072 1373 1211 1454 comico,
1235 1372 1334 1438 Phor-

164 1458 252 1519 umio
281 1464 315 1518 et
343 1453 491 1539 Hecyra:
522 1466 661 1540 quatuor
688 1455 833 1542 reliquae
862 1477 881 1517 a
909 1456 1100 1519 Menandro.
1143 1479 1184 1518 ex
1237 1458 1334 1521 uibus

191 1560 308 1624 magno
336 1560 490 1603 successu
518 1551 550 1602 et
576 1541 681 1625 pretio
710 1542 800 1605 stetit
825 1539 1003 1603 Eunuchus
1031 1539 1156 1602 fabula:
1201 1480 1335 1628 lieeyra

192 1646 287 1710 saepe
309 1621 460 1703 exclusa,
486 1624 544 1686 uix
566 1632 639 1686 acta
662 1632 723 1687 est.

274 1764 452 1820 Sabierimus
468 1766 693 1836 discrepantiam
709 1768 890 1836 scrutaturos:
921 1776 932 1826 1
954 1764 1022 1822 Hee
1038 1760 1088 1844 ΖΗ
1103 1765 1197 1823 'Fran
1222 1767 1245 1821 G
1260 1758 1273 1846 Η
1290 1773 1333 1823 te·

191 1849 303 1906 tentiae
316 1849 371 1903 AB
385 1841 398 1926 Η
413 1853 430 1905 ‘2
444 1846 583 1905 Maecius
597 1850 801 1906 Fleckeisenus
816 1852 889 1906 conl.
908 1851 1036 1906 Bemleio
1052 1854 1082 1906 in
1098 1851 1170 1906 Her.
1189 1859 1244 1906 art.
1257 1859 1333 1921 poet.

192 1939 263 2000 357,
290 1933 450 1988 Wes'claerto
470 1933 550 1988 Poet
565 1935 614 1989 lat.
633 1937 685 1990 rel.
697 1952 729 2005 p.
752 1939 810 1990 334
827 1950 888 2005 sqq.
905 1932 1033 1990 maetius
1048 1938 1082 1991 Α.
1099 1935 1208 1991 metius
1223 1937 1312 1990 ceteri
1325 1928 1334 2012 Η

192 2016 377 2093 fregellanus
392 2016 479 2071 DEZ.
495 2015 682 2090 fragellsnus
699 2018 758 2074 BC.
775 2015 974 2093 fragellianus
992 2020 1025 2073 G.
1039 2017 1221 2093 flagellanus
1236 2021 1268 2073 A.
1282 2018 1333 2074 fle·

193 2101 329 2177 gallanus
344 2102 373 2156 F
390 2093 403 2179 Η
424 2099 525 2157 suerat
540 2101 591 2158 BG
604 2095 617 2180 Η
633 2100 780 2158 terentius
793 2099 854 2157 libo
868 2104 933 2169 AF,
954 2101 993 2156 St.
1009 2097 1046 2157 Τ.
1059 2100 1120 2158 libo
1140 2105 1174 2159 G.
1188 2101 1334 2159 terentius

193 2185 315 2242 libertus
334 2187 424 2242 ceteri
435 2177 450 2264 Η
466 2192 484 2246 3
502 2183 541 2241 T.
569 2184 646 2243 Aser
670 2179 753 2264 ΕΗ4
773 2183 907 2242 fabulam
934 2185 992 2241 ΕΖ,
1017 2184 1137 2244 fabulas
1161 2189 1265 2255 ceteri,
1285 2189 1337 2242 aed

192 2274 245 2326 sia
263 2287 324 2326 ras.
341 2271 369 2324 F
382 2263 395 2348 Η
409 2269 572 2326 terentium
589 2274 628 2338 Α,
646 2272 708 2326 Ala.
728 2269 767 2326 Τ.
785 2272 818 2325 G.
834 2269 981 2327 terentius
995 2274 1085 2328 ceteri
1099 2264 1112 2350 Η
1127 2269 1276 2345 uallegius
1292 2274 1336 2326 Aa

192 2356 222 2411 F.
239 2352 394 2428 uallegius
409 2355 461 2409 Ab.
486 2352 623 2429 ualegius
646 2357 750 2421 celeri,
774 2357 839 2410 ilem
862 2357 955 2411 codex
977 2355 1218 2412 ‘vetustissimus'
1243 2355 1337 2410 Italus

192 2441 307 2494 Barthii
322 2440 440 2496 Aduers.
461 2451 497 2501 rr,
517 2443 564 2495 26.
587 2437 714 2513 Valgius
735 2441 885 2494 Erasmus.
904 2437 1046 2496 Valerius
1063 2442 1226 2496 dubitaretur
1242 2439 1334 2494 Hear.

193 2525 299 2579 l'eilr'us
328 2522 448 2593 Ephem.
471 2523 522 2576 liu.
545 2524 613 2578 Hal.
630 2541 656 2578 α.
676 2528 751 2579 lanu
771 2543 807 2578 m.
833 2523 921 2579 Mart.
942 2542 972 2594 p.
998 2528 1057 2580 2170
1072 2518 1085 2603 Η
1100 2525 1130 2581 in
1151 2523 1270 2579 actione
1294 2523 1335 2589 St,

194 2609 346 2674 Burllsius,
378 2614 404 2660 ct
426 2614 476 2660 ortt
497 2608 539 2662 sic
560 2614 610 2662 out
631 2605 661 2662 iu
694 2606 894 2664 translatione
923 2609 1053 2680 Vnyerus
1073 2612 1107 2664 de
1133 2609 1224 2678 Valfflii
1242 2623 1334 2676 procur.

188 2712 216 2763 p.
242 2698 307 2747 160.
334 2695 402 2745 m.
424 2687 576 2747 inactione
600 2694 633 2746 Α.
654 2684 775 2748 natione
800 2694 835 2746 Ε.
860 2692 981 2748 natione
1006 2695 1095 2748 ceteri
1117 2709 1181 2747 crem
1203 2690 1286 2744 Itale.
1305 2688 1336 2744 in

191 2778 329 2832 Actaeus
354 2775 508 2831 Erasmus,
531 2765 560 2833 in
580 2774 732 2832 Auctione
761 2777 889 2848 Scaliqer
909 2770 922 2855 Η
948 2783 1036 2835 6ῇὸ
1052 2778 1115 2831 Nou
1141 2778 1211 2831 selis
1233 2776 1334 2829 luorum
1431 2838 1438 2845 Ι

190 2862 346 2916 emendasti)
363 2861 406 2914 vel
421 2859 566 2930 Scoliyere
580 2863 715 2916 successit
729 2864 772 2916 vel
782 2862 934 2932 Ilatyersio
951 2862 1018 2916 l'ar.
1031 2862 1131 2926 lecal,
1148 2865 1163 2916 7
1180 2862 1222 2916 vel
1239 2861 1334 2914 iambi-
1353 2880 1355 2884 ’

190 2962 236 3001 ros
251 2951 436 2999 tetrametros
450 2948 670 2999 comminisccnli
685 2946 806 3000 Barllu'o
820 2948 863 3000 vel
884 2946 995 3017 Venere
1007 2963 1037 3015 p,
1057 2949 1112 2999 156
1125 2947 1169 3000 vel
1184 2945 1276 2999 Keilio
1292 2936 1305 3022 Η
1320 2951 1336 3002 6

190 3029 276 3085 'l’uae
297 3028 569 3083 Windisclrmanuus
583 3031 611 3082 in
635 3030 776 3084 Welclceri
794 3029 949 3100 Noelcir'que
970 3030 1045 3083 Mus.
1070 3029 1162 3082 Rhea.
1176 3029 1195 3083 I
1199 3071 1206 3093 ‚
1223 3046 1254 3098 p.
1273 3033 1335 3095 113,

191 3117 252 3169 item
271 3114 391 3167 Keilias.
412 3108 470 3168 bae
486 3114 551 3168 libri
564 3131 626 3169 cum
643 3114 692 3177 la,
713 3117 768 3169 nisi
781 3117 857 3193 quod
869 3112 907 3169 hc
924 3113 976 3167 BZ
994 3107 1009 3190 Η
1030 3120 1045 3172 6
1061 3131 1118 3188 quc
1142 3113 1190 3167 ΒΖ
1203 3105 1216 3191 Η
1232 3110 1335 3168 sabulo

194 3190 318 3273 seul-ss
335 3195 462 3253 cuiaeno
485 3204 554 3253 sunt
571 3199 701 3254 Belleias.
723 3197 810 3254 cuiae
833 3206 903 3254 sunt
919 3199 1012 3263 ΑΕΗ,
1032 3197 1068 3251 It.
1086 3195 1192 3269 cuiuae
1216 3204 1285 3252 sum
1300 3197 1334 3251 F.
1354 3255 1361 3269 x
1428 3253 1434 3263 ,

192 3283 257 3338 cuie
279 3288 349 3337 sunt
361 3284 459 3336 ceteri.
473 3281 561 3338 euius
578 3291 647 3338 sunt
663 3282 703 3337 St.
724 3282 808 3338 cuius
824 3290 908 3351 sunt,
931 3279 1006 3337 cedo
1022 3283 1093 3336 coni.
1111 3282 1269 3348 ErasmuS,
1287 3278 1335 3336 dic

192 3366 275 3423 cuius
290 3372 359 3421 sunt
378 3365 598 3437 Oudendorpias
612 3360 626 3445 Η
640 3373 655 3426 7
670 3365 820 3423 Terenti?
836 3385 895 3422 non
910 3365 979 3435 has,
992 3365 1058 3421 iura
1077 3364 1128 3442 qui
1148 3364 1267 3440 populis
1283 3362 1335 3420 da·

191 3448 241 3506 bat
262 3451 441 3506 auscherius.
471 3468 531 3506 uon
548 3449 602 3506 has
624 3451 676 3528 qui
696 3451 762 3507 iura
784 3449 904 3527 populis
927 3448 1094 3506 retenti'bus
1114 3447 1206 3505 dabat
1223 3451 1262 3516 Α,
1286 3451 1339 3504 scd
1425 3445 1429 3452 '

191 3533 336 3592 terentius
351 3535 392 3588 Ab
404 3552 477 3606 mro.
494 3554 552 3590 non
570 3534 626 3590 has
647 3535 698 3612 qui
714 3536 780 3590 iura
798 3533 914 3610 populis
932 3531 1159 3591 recensentibus
1178 3530 1271 3589 dabat
1290 3549 1336 3589 cc-

192 3623 256 3683 (σι’,
272 3621 327 3673 ruisi
344 3620 422 3688 qrcod
434 3637 506 3692 nuru
530 3620 583 3686 It,
608 3619 710 3695 populi
733 3622 793 3688 ΕΖ,
820 3617 1044 3675 rcccntionibus
1062 3619 1101 3673 lt.
1120 3613 1189 3673 Nori
1213 3616 1268 3673 lras
1284 3617 1336 3694 qui
1428 3619 1430 3624 ’

191 3705 255 3760 iura
281 3700 408 3760 Publius
430 3702 571 3777 gentibus
594 3702 687 3760 dabat
718 3706 847 3776 Scaligyer
872 3712 899 3758 cl
920 3703 1046 3780 l'oplius
1076 3700 1168 3775 dabat
1194 3699 1336 3775 gentibus

190 3799 382 3858 transponens
401 3788 611 3843 Flcrlaciaerms.
630 3787 713 3862 logos
729 3785 869 3862 gentibus
888 3791 929 3843 ccl
950 3784 1239 3862 1·egesgentibnsiu
1259 3805 1336 3842 nsotr-

189 3882 249 3928 stre
260 3874 429 3942 scripturae
444 3874 534 3927 lutere
551 3874 702 3943 Rutycrsio
720 3877 822 3941 visam,
837 3877 936 3946 ‘regna
949 3869 1120 3928 nationibus
1143 3871 1271 3939 Borllu'o,
1290 3890 1334 3926 re-

190 3955 275 4031 gibus
291 3955 344 4031 (ac
363 3955 501 4032 populis)
518 3946 625 4012 ¹Kcile'e.
657 3976 757 4014 nonne
781 3977 844 4013 cam
870 3958 1022 4029 Jlulyersr'o
1044 3964 1211 4026 superstites
1234 3958 1336 4010 reclar-

188 4046 290 4114 9uebnt
313 4040 447 4096 naeuius
479 4041 572 4097 Valer.
593 4043 652 4098 Cat.
673 4061 702 4112 p.
724 4048 778 4098 :³10
793 4035 838 4120 ΗΒ
859 4041 982 4099 Sunnno
1004 4039 1055 4097 ille
1073 4040 1187 4097 honore
1211 4040 1336 4093 Busche-

189 4130 248 4184 lr'us,
267 4144 387 4184 sumine
404 4125 519 4181 bonore
534 4128 601 4181 libri
614 4144 677 4181 eum
693 4127 745 4193 It,
762 4130 817 4181 nisi
830 4129 907 4197 quod
922 4144 1005 4181 sunno
1023 4127 1058 4180 B.
1077 4124 1201 4180 Honore
1220 4139 1335 4177 sunuuo

188 4214 328 4269 Erosnms
343 4207 356 4286 ,J
374 4207 496 4266 fabulas
516 4209 590 4266 secit
604 4212 630 4265 Ι)
646 4205 658 4287 Η
674 4220 690 4271 9
706 4208 763 4267 duc
781 4213 833 4265 ΒΖ
851 4207 864 4286 Η
886 4207 1085 4286 appollculoro
1109 4208 1194 4262 BCE.
1212 4201 1335 4277 appolo-

188 4296 254 4355 tloro
277 4301 309 4356 Z.
335 4291 532 4371 Apollodoro
556 4293 674 4351 Carieio
692 4292 731 4368 (h.
751 4312 774 4351 c.
793 4295 947 4371 Carystio)
975 4295 1037 4347 Vile
1059 4294 1121 4346 Ter.
1146 4289 1335 4342 Anaurosiaua

187 4384 257 4449 (aad.
277 4382 436 4441 aeternna
455 4381 483 4433 in
498 4379 573 4437 arus.
594 4380 684 4435 Rhea.
705 4398 733 4435 a.
748 4388 808 4440 art,
827 4373 1127 4451 p.188).·qaodecs.
1149 4371 1272 4442 Parere.
1290 4370 1336 4424 Iu.

1089 4471 1133 4532 3*
