2964 5002
172 349 230 410 nt
667 371 797 412 euarvn

169 517 367 604 conpleatur.
400 517 460 582 boc
479 526 625 604 tempore
647 516 858 581 mittebantur
878 517 1000 581 circum
1022 517 1173 581 ciuitates
1195 517 1306 581 admo·

92 605 105 663 ·’
168 621 269 685 nituri
289 629 404 685 utnon
423 619 526 697 solum
545 619 688 707 undique
703 619 759 683 sed
779 620 876 682 etiam
896 618 937 683 ab
953 619 1041 683 omni
1060 641 1180 704 genere
1204 621 1306 683 omni-

168 744 231 808 que
254 732 359 786 aetate
381 732 414 786 et
432 744 513 786 sexu
531 724 768 787 conueniretur.
807 737 968 797 nvsruvrt
989 721 1203 807 quinquennii
1226 730 1305 783 tem·

169 846 229 910 pus
252 825 337 909 apud
361 824 541 906 Romanos,
562 824 685 888 dictum
700 831 807 886 autem
823 822 899 909 quia
914 843 1030 885 census
1045 844 1104 908 per
1124 824 1304 908 quinquen·

167 927 256 989 nium
278 927 311 989 in
333 948 368 990 re
389 925 520 1013 publica
541 925 714 1010 agebatur3
743 923 861 988 deinde
887 931 961 1011 post
981 932 1148 1009 peractum
1171 946 1325 988 consume
1351 997 1359 1016 ·

169 1028 327 1092 sacrificio
349 1028 435 1093 sacto
455 1028 532 1093 urbs
556 1027 660 1092 Roma
675 1017 891 1105 lustrabatur.
976 1058 979 1062 ‡

169 1276 259 1319 autem
279 1269 355 1320 circa
373 1270 538 1320 meridiem'
524 1270 653 1350 'incipere
673 1284 725 1334 quo
743 1268 787 1318 die
806 1269 912 1334 signum
931 1266 1026 1317 arietis
1049 1268 1090 1317 sol
1110 1267 1259 1317 intrauerit
1277 1271 1304 1316 et

169 1338 253 1387 fuisse
278 1338 336 1386 eius
360 1339 547 1388 conuersionis
576 1354 676 1387 anunm
698 1336 831 1402 prodente
859 1351 889 1385 se
911 1336 941 1384 P.
966 1336 1075 1385 Licinio
1099 1335 1150 1384 Cu.
1175 1334 1303 1385 Cornelio

169 1405 333 1455 consulibus
349 1405 564 1455 ducentesimum
583 1407 705 1470 quintum
723 1402 887 1454 decumum.²
922 1402 1080 1453 Macrobius
1098 1419 1196 1452 comm.
1216 1402 1244 1452 II
1263 1401 1302 1463 lt,

168 1475 275 1538 tlsqq·
297 1473 398 1523 ‘Annus
416 1489 483 1528 uero
501 1475 545 1537 qui
564 1473 714 1523 mundanus
732 1477 848 1522 uocatur
870 1472 915 1534 qui
934 1486 998 1520 uere
1021 1477 1132 1521 uertens
1155 1476 1213 1531 est,
1239 1472 1304 1536 quia

169 1542 347 1595 conuersioue
365 1541 463 1606 plenae
482 1541 670 1591 uniuersitatis
689 1539 815 1599 eflicitur
835 1538 998 1604 largissimis
1016 1538 1117 1589 seculis
1135 1537 1302 1602 explicatur.

169 1610 245 1660 cuius
264 1610 335 1658 ratio
353 1608 418 1658 talis
437 1614 486 1658 ιιι.
523 1608 622 1658 stellae
641 1623 733 1659 omnes
752 1613 780 1657 ιιι
802 1577 894 1657 cidara
918 1621 988 1671 quae
1007 1606 1091 1656 infixa
1110 1606 1189 1656 caelo
1207 1606 1302 1657 uiden·

168 1684 219 1734 tur
240 1693 349 1741 quorum
367 1677 503 1742 proprium
527 1682 626 1726 motum
649 1690 793 1740 numquam
814 1675 889 1725 uisus
911 1674 1044 1724 humanus
1068 1674 1169 1723 sentire
1195 1674 1241 1724 uel
1259 1674 1303 1723 de·

169 1740 337 1810 prehendere
356 1749 455 1809 potest
475 1752 618 1794 mouentur
634 1749 727 1793 tamen
746 1749 775 1793 ιιι
793 1748 904 1807 praeter
927 1737 1000 1792 caeli
1022 1741 1226 1792 uolubilitatem
1250 1756 1304 1807 qua

158 1828 276 1876 semper
292 1811 434 1875 trabuntur
452 1826 501 1860 arro
519 1827 625 1892 qnoque
644 1827 759 1861 accessu
782 1815 838 1861 tam
856 1826 917 1860 sero
935 1817 1126 1874 promouentur
1149 1815 1180 1859 ut
1201 1809 1304 1859 nullius

167 1880 303 1929 hominum
321 1880 380 1928 uita
398 1886 453 1930 tam
471 1879 555 1945 longa
573 1880 617 1937 sit,
638 1894 707 1943 quae
726 1879 921 1929 obseruatione
934 1878 1063 1927 continua
1076 1877 1182 1927 iactam
1194 1877 1228 1926 de
1242 1877 1303 1927 loco

167 1948 406 2027 permutationem
423 1948 451 1996 in
469 1961 521 2011 quo
540 1947 843 2012 casprimumniderat,
862 1945 1058 2010 deprehendat.
1092 1944 1225 1995 mundani
1238 1961 1303 2012 ergo

167 2015 233 2065 anni
250 2014 312 2064 finis
330 2022 381 2075 est,
393 2030 460 2065 cum
479 2013 578 2065 stellae
596 2030 689 2065 omnes
708 2015 853 2078 omniaque
872 2012 963 2065 sidera
979 2028 1051 2080 quae
1068 2002 1198 2077 daturne
1217 2011 1304 2063 habet

168 2099 184 2131 a
202 2088 278 2132 certo
297 2080 357 2133 loco
376 2082 544 2132 adeundam
562 2081 652 2132 locum
670 2083 710 2131 ita
727 2082 920 2141 remanserint,
940 2086 969 2130 ut
986 2096 1021 2130 ne
1034 2096 1089 2130 una
1107 2080 1217 2146 quidem
1232 2080 1304 2131 caeli

167 2150 276 2201 stella
268 2166 297 2199 ιιι
315 2150 371 2200 alio
393 2150 455 2201 loco
478 2151 515 2200 sit
532 2164 614 2215 quam
636 2151 665 2200 in
689 2165 742 2215 quo
765 2150 831 2210 luit,
856 2165 916 2199 cum
934 2163 1027 2199 ornnes
1046 2148 1120 2198 aliae
1138 2164 1172 2198 ex
1191 2164 1225 2198 eo
1243 2148 1303 2198 loco

167 2223 259 2268 motae
277 2224 340 2268 sunt
358 2218 392 2268 sd
411 2233 489 2283 qoem
507 2232 636 2268 mucrene
655 2233 726 2268 anuo
744 2232 793 2267 suo
811 2217 893 2267 tinem
915 2217 1061 2267 dederunt·
1086 2217 1126 2266 ita
1149 2221 1181 2266 ut
1198 2215 1303 2266 lumina
1332 2258 1337 2272 .

167 2302 273 2367 qnoque
292 2301 352 2336 cnm
371 2287 497 2336 erraticis
515 2287 634 2351 quinque
652 2287 682 2336 in
699 2285 786 2335 isdem
804 2285 881 2335 loeis'
896 2289 925 2335 et
941 2285 1064 2350 partibus
1083 2285 1186 2333 sintin
1204 2285 1303 2349 quibus

166 2353 317 2419 incipiente
340 2353 475 2404 mundano
499 2368 571 2404 anno
594 2354 711 2404 fuerunt.
752 2353 804 2403 boc
829 2359 919 2402 autern
942 2358 971 2402 ut
993 2351 1100 2417 physici
1123 2352 1220 2403 uolunt
1240 2357 1303 2416 post

167 2438 298 2472 annorum
318 2421 473 2502 quindecim
490 2421 578 2471 millia
593 2428 708 2487 peracta
718 2418 914 2486 contingit'-
882 2420 1090 2470 -Censcrinus
1100 2420 1193 2471 XVIII
1210 2418 1285 2470 ³.

168 2491 280 2541 ‘Postea
297 2491 407 2554 cognito
426 2505 516 2539 errore
527 2489 585 2540 hoc
604 2495 709 2555 tempus
727 2489 903 2554 duplicarunt
921 2493 949 2538 at
966 2488 1147 2538 tetrasterida
1166 2488 1228 2538 fece

167 2558 215 2608 sed
233 2564 261 2609 et
280 2573 340 2607 eam
353 2557 430 2623 quod
448 2558 542 2622 quinto
561 2573 666 2622 quoque
686 2573 757 2606 anno
775 2557 883 2606 redibat
901 2556 1094 2620 peutaeterida
1112 2555 1297 2605 nominabant

168 2626 212 2690 qui
232 2642 319 2679 annus
336 2640 451 2690 magnus
470 2641 503 2674 ex
522 2625 701 2690 quadriennio
725 2624 889 2675 commodior
900 2623 975 2672 uisus
994 2630 1036 2673 est
1048 2639 1061 2665 a
1082 2639 1094 2665 a
1116 2624 1182 2673 solis
1200 2638 1298 2673 annum

168 2701 295 2745 constare
315 2710 348 2746 ex
366 2694 462 2742 diebus
486 2693 629 2742 CCCLXV
653 2698 681 2742 et
705 2693 760 2742 diei
778 2699 856 2757 parte
875 2691 986 2741 circiter
1004 2698 1110 2755 quarta.
1130 2707 1200 2755 qnae
1218 2706 1299 2741 unum

167 2763 195 2810 in
215 2762 419 2826 quadriennium
437 2761 508 2810 diem
527 2760 683 2810 conticeret.
720 2776 803 2824 qnare
823 2776 894 2824 agon
914 2764 941 2808 ct
958 2759 987 2809 iu
1005 2759 1084 2808 Elide
1102 2758 1161 2808 Ioni
1175 2759 1300 2825 Olympio

168 2836 196 2878 et
215 2830 316 2880 liomae
336 2828 490 2907 Capitolino
510 2829 602 2892 quinto
621 2843 724 2892 quoque
745 2844 815 2877 anno
829 2828 959 2877 redeunte
978 2826 1153 2877 celebratur.
1185 2827 1216 2875 12
1229 2844 1299 2893 sqq:

168 2897 229 2946 Scd
248 2897 342 2946 borum
361 2898 476 2945 omnium
496 2896 700 2960 pentasteridas
723 2896 839 2945 maxime
862 2895 990 2944 notandis
1014 2895 1181 2961 temporibus
1200 2896 1301 2944 Graeci

167 2965 315 3013 obscurant
337 2964 364 3012 id
389 2968 431 3012 est
449 2969 609 3043 quaternum
629 2979 758 3018 annorum
778 2963 906 3014 circuitus
925 2979 992 3027 quas
1009 2970 1111 3013 uocant.
1129 2958 1301 3027 olympiadas

182 3031 298 3081 ..idem
323 3038 427 3096 tempus
452 3032 516 3080 anni
539 3033 633 3095 magni
655 3032 784 3081 Romanis
807 3031 859 3080 init
882 3030 952 3094 qnod
975 3030 1086 3080 lustrum
1110 3030 1300 3112 adpellabant,
1354 3075 1360 3086 ,

166 3067 206 3148 lla
229 3099 336 3162 quidem
360 3115 377 3148 a
399 3099 494 3149 Seruio
512 3099 602 3149 Tullio
621 3100 771 3148 institutum
789 3106 819 3147 ιιι
837 3099 930 3162 ιιιιίιιιο
949 3114 1054 3163 qnoque
1074 3115 1145 3147 anno
1166 3115 1251 3148 oerrsn
1264 3116 1300 3149 cr·

166 3167 239 3215 nium
257 3166 352 3217 habito
369 3166 482 3215 lustrum
501 3168 670 3218 conderetur.
688 3167 808 3216 sednon
828 3167 866 3215 ita
885 3182 901 3215 a
919 3167 1035 3232 posteris
1053 3172 1200 3215 semotum.
1238 3183 1301 3216 nam

167 3248 228 3283 cum
245 3234 317 3283 inter
335 3235 447 3299 primum
466 3251 483 3284 a
501 3235 595 3284 Seruio
614 3251 677 3299 roge
697 3234 833 3284 conditum
851 3234 962 3283 lustrum
981 3241 1009 3283 ot
1027 3235 1053 3283 id
1072 3235 1142 3298 quod
1161 3234 1196 3282 ab
1215 3235 1302 3300 impe·

167 3306 257 3351 ratore
280 3302 451 3367 Vespasiano
474 3303 498 3350 V
521 3308 549 3352 et
571 3303 602 3351 Τ.
628 3302 747 3352 Caesare
772 3303 813 3353 111
837 3302 912 3353 Coss.
939 3303 1041 3352 factum
1065 3308 1105 3351 est
1129 3303 1194 3352 anui
1218 3303 1301 3353 inter·

166 3370 267 3418 inerint
284 3370 365 3434 paulo
383 3371 470 3419 minus
488 3371 571 3430 DCL,
590 3370 675 3420 lustra
693 3376 785 3421 tamen
803 3386 851 3435 per
869 3386 903 3419 ea
921 3376 1044 3434 tempora
1062 3386 1114 3418 non
1128 3369 1206 3434 plura
1220 3386 1302 3435 quam

165 3437 350 3487 Lxxvrsnnt
372 3439 448 3487 iacta
472 3443 499 3487 et
517 3446 613 3502 postea
631 3438 711 3503 plane
733 3438 792 3503 lieri
810 3438 956 3487 desierunt.
992 3454 1082 3487 rursus
1101 3444 1194 3487 tamen
1214 3454 1302 3488 arruns

164 3504 235 3553 idem
255 3521 369 3569 magnus
387 3521 436 3570 per
454 3505 625 3570 Capitolinos
639 3521 743 3571 agonas
757 3510 870 3571 coeptus
883 3512 925 3555 ιιι
937 3505 1094 3570 diligentins
1108 3506 1221 3560 seruari
1236 3523 1300 3572 qno-

165 3587 222 3621 rum
241 3588 358 3636 agonnm
377 3574 476 3638 primus
495 3590 512 3622 a
531 3575 687 3634 Domitiano
706 3575 844 3624 institutus
869 3574 921 3622 fuit
939 3574 1097 3623 duodecImo
1118 3575 1176 3622 eirrs
1195 3580 1223 3622 et
1242 3575 1300 3624 Ser.

166 3639 285 3690 Cornelii
305 3641 467 3691 Dolabellae
486 3640 650 3694 consulatu)
674 3669 706 3677 -
732 3631 868 3691 vffiarroli
886 3643 918 3690 L
939 3642 976 3690 vl
997 3641 1038 3691 ll:
1060 3643 1196 3690 lustrum
1214 3643 1300 3691 nomi-

165 3713 258 3757 natum
278 3714 382 3772 tempus
401 3709 601 3773 quinquennale
620 3727 637 3758 a
649 3709 755 3770 luendo
774 3710 801 3758 id
815 3715 857 3758 est
869 3710 1013 3769 soluend03
1033 3710 1101 3773 quod
1122 3710 1216 3772 quinto
1236 3725 1300 3793 qno

166 3792 216 3840 que
234 3791 307 3824 anuo
326 3776 475 3841 uectigalia
494 3782 522 3826 et
538 3778 609 3827 ultro
627 3778 730 3827 tributa
748 3793 796 3843 per
815 3793 942 3827 censores
962 3777 1196 3842 persoluebantnr
1234 3777 1299 3827 Sec·

164 3844 218 3892 lum
236 3843 354 3906 spatium
373 3859 503 3893 annorum
523 3851 631 3898 centurn
649 3851 782 3896 uocarunt
800 3845 901 3894 dictum
916 3862 931 3894 a
945 3861 1010 3894 aene
1024 3844 1094 3909 quod
1112 3844 1368 3925 longissimumffi

164 3911 281 3975 spatium
298 3912 525 3961 senescendorurn
543 3913 679 3963 hominum
697 3913 874 3977 idpntarant.
905 3914 1006 3962 Aenum
1025 3913 1059 3962 ab
1074 3914 1332 3963 aetateomninm

252 4145 260 4193 1
282 4133 467 4211 compleatur
485 4135 507 4189 B
522 4128 535 4214 l}
551 4155 587 4192 oc
606 4129 639 4191 Β1
656 4128 669 4215 ΙΙ
686 4133 844 4193 mittebant
864 4136 917 4191 AB
931 4127 944 4213 ΙΙ
960 4133 1128 4192 admonitor
1144 4137 1170 4190 Β
1185 4129 1231 4214 ιι
1215 4143 1231 4177 ἰ
1248 4137 1297 4195 nol

164 4224 189 4275 Α
204 4213 249 4297 113
269 4236 415 4276 uvsrnvn
434 4217 494 4276 lust
484 4229 560 4276 trum
583 4223 609 4276 B
631 4213 644 4299 Ιι
665 4221 789 4277 lustrum
806 4228 852 4276 est
867 4224 890 4276 Α
906 4219 919 4298 ιι
934 4220 1122 4299 quinquenni
1144 4215 1178 4274 Β1
1197 4217 1210 4298 [Ι
1226 4230 1300 4280 tcm-

165 4323 220 4381 pus
237 4312 285 4360 est
300 4307 326 4360 Β
347 4299 359 4382 ll
380 4313 511 4364 saritam
529 4304 654 4365 lustrum
668 4301 705 4362 Α2
726 4300 739 4386 ΙΙ
761 4306 851 4383 quiaa
871 4302 906 4361 Β1
924 4301 968 4385 1ιὸ
991 4325 1013 4361 ιι
1008 4303 1141 4383 publica
1157 4303 1197 4362 B²
1213 4302 1226 4387 ΙΙ
1242 4300 1300 4419 θ’ὅι

164 4387 311 4445 sacrificio
328 4390 355 4443 B
370 4384 382 4470 ss
398 4389 489 4447 inlust
490 4387 650 4446 rebaturA
