2964 5002
674 372 778 415 carus
804 372 814 410 1
1248 356 1309 417 409

169 527 234 604 gius
259 524 451 584 declamator
476 522 646 596 diceretur,
673 544 732 582 nou
758 522 913 582 debebant
933 524 1036 582 statim
1055 524 1250 584 Hermaunus
1279 534 1311 584 et

168 629 372 688 Mommsenns
389 623 428 684 de
443 625 620 684 confusione
637 624 812 684 Gallionem
834 625 929 702 patris
945 634 976 684 et
992 623 1047 684 filii
1069 628 1220 702 cogitare,
1242 647 1309 685 cum

169 728 258 788 efisrn
273 728 357 788 tilius
371 727 404 785 iu
420 735 487 786 arte
502 725 695 785 declamandi
713 747 772 785 nou
788 726 946 785 obscuram
967 744 1093 806 operam
1109 728 1247 805 posuisse
1265 728 1309 787 vi·

169 829 283 890 destnr.
316 829 355 889 et.
372 825 581 906 Quintilianus
595 828 645 887 Ill
661 840 692 902 1,
711 837 755 888 tt.
784 828 884 888 eidem
908 830 989 888 vitae
1008 838 1182 888 accuratam
1199 827 1237 887 de
1249 829 1309 889 'Se-

167 951 242 992 uene
255 932 414 1002 notitiem,
425 948 517 1010 quam
528 929 643 991 Probus
656 930 822 989 scholiasta
829 930 984 989 Iuvenalis
997 929 1082 989 dedit
1095 929 1216 1008 (fragm.
1231 930 1309 1008 87²³),

168 1035 229 1092 iere
246 1033 419 1092 restituisse
434 1030 555 1105 videor,
570 1031 651 1112 quod
667 1033 698 1090 iu
713 1031 760 1090 his
775 1030 899 1090 scholiis
914 1033 973 1092 iam
994 1032 1112 1092 duobus
1130 1032 1205 1091 locis
1223 1053 1309 1092 usum

167 1134 349 1195 Suetoniani
363 1133 434 1193 libri
450 1132 747 1212 deprehenderimus.

247 1236 452 1297 Pervenimus
474 1232 513 1297 ad
530 1244 743 1312 campartem,
768 1255 848 1314 quae
864 1237 984 1312 integra
999 1237 1065 1295 fere
1079 1244 1215 1295 estatem
1229 1236 1309 1295 tulit.

167 1339 244 1399 liber
266 1337 349 1398 euim
370 1335 408 1395 de
429 1336 632 1414 grammaticis
650 1346 683 1395 et
703 1337 874 1397 rhetoribus
900 1339 960 1395 ium
986 1337 1112 1416 antiquo
1132 1347 1268 1415 tempore
1290 1357 1310 1397 a

167 1441 284 1500 relicua
311 1447 400 1518 parte
427 1446 587 1516 separatus
614 1437 739 1497 videtur
767 1440 872 1498 nescio
901 1458 959 1517 quo
986 1437 1125 1497 consilio.
1172 1440 1224 1518 qui
1248 1459 1308 1520 quo

167 1541 255 1601 modo
265 1541 410 1600 inventus
427 1539 475 1612 sit,
489 1538 632 1598 traditum
648 1548 697 1599 est
715 1540 874 1599 aloriano
886 1539 1025 1599 Pontano
1039 1540 1070 1598 iu
1087 1539 1309 1619 subscriptione

167 1641 281 1702 codicis
299 1641 479 1712 Leideusis‚
502 1660 592 1722 quam
608 1661 701 1721 supra
717 1662 746 1720 p.
762 1651 814 1704 363
829 1663 874 1723 sq.
894 1641 1136 1720 perscripsimus.
1169 1652 1309 1702 narratur

165 1744 220 1818 ibi,
240 1751 397 1824 repertum
421 1763 488 1803 esse
513 1743 551 1802 ab
573 1745 659 1801 Enoc
675 1743 845 1816 Asculano,
868 1744 921 1822 qui
938 1742 1126 1823 temporibus
1143 1743 1265 1803 Nicolai
1283 1744 1308 1803 V

167 1846 207 1925 (a
232 1844 427 1922 leti-1455)
452 1846 484 1904 in
507 1844 641 1905 Galliam
670 1843 791 1925 atinde
812 1846 843 1903 iu
868 1844 1063 1906 Germaniam
1086 1845 1308 1926 conquirendo·

166 1968 230 2008 rum
255 1947 403 2008 librorum
428 1946 528 2023 gratia
551 1946 708 2024 profectus
736 1956 836 2020 esset,
868 1948 898 2008 in
925 1950 1024 2008 lucem
1052 1958 1153 2008 autem
1182 1947 1310 2008 rediisse

165 2063 233 2130 pest
253 2057 382 2108 mertem
396 2047 606 2107 Bartholomei
628 2048 719 2121 Feci,
745 2048 798 2128 qui
821 2048 1023 2108 Tiraboschio
1045 2051 1138 2108 storia
1159 2049 1243 2109 della
1259 2050 1308 2109 lit·

166 2159 255 2212 terst.
288 2149 359 2208 Ital.
383 2149 429 2209 VI
451 2158 504 2213 734
524 2168 570 2229 sq.
597 2158 721 2208 auctore
741 2170 770 2208 a.
802 2158 865 2213 1457
895 2150 979 2210 obiit.
1028 2153 1113 2209 cuius
1143 2151 1310 2210 testimonii

167 2254 211 2314 vis
230 2272 268 2312 eo
284 2251 425 2332 profecto
445 2272 506 2310 non
522 2251 688 2310 infirmatur
704 2250 784 2331 quod
801 2252 831 2308 iu
849 2249 937 2310 brevi
955 2252 1019 2309 vita
1036 2252 1195 2325 Heuochi‚
1219 2273 1309 2331 quam

167 2354 378 2433 Vespasianus
399 2353 592 2412 Florentiuus
614 2353 646 2411 iu
666 2353 743 2412 libro
765 2352 804 2411 de
832 2352 905 2410 viris
928 2352 1096 2411 illustribus
1117 2373 1143 2411 c.
1164 2362 1199 2415 92
1217 2353 1309 2430 (Mai.

167 2455 266 2537 spicil.
283 2453 353 2513 Vat
370 2455 385 2512 I
403 2475 432 2533 p.
446 2453 517 2532 665)
538 2445 661 2533 volgari
677 2473 817 2513 sermone
839 2455 952 2533 scripto
975 2453 1075 2521 dedit,
1097 2472 1166 2513 eum
1187 2464 1310 2532 praeter

168 2557 411 2638 Porphyriourm
431 2557 462 2614 iu
480 2555 641 2615 Horatium
665 2564 695 2615 et
714 2555 857 2634 Apicium
880 2554 919 2614 de
938 2556 1043 2613 caenis
1063 2554 1139 2615 nihil
1162 2574 1309 2613 memora-

169 2657 283 2719 bileex
301 2657 469 2718 Germanis
483 2659 639 2717 rettulisse
656 2657 796 2734 legimus.
834 2676 892 2715 uec
908 2657 1056 2732 gravioris
1075 2657 1218 2714 momenti
1238 2665 1310 2715 sunt
1354 2695 1356 2699 <

169 2759 264 2839 Poggi
278 2761 331 2841 qui
342 2770 448 2818 auctor
458 2759 642 2838 Vespasiani
655 2758 856 2818 videturesse
869 2757 963 2817 verba
976 2759 1007 2816 in
1019 2757 1149 2838 epistula
1164 2757 1203 2817 ad
1213 2757 1310 2816 Fran·

171 2864 280 2923 obsum
296 2861 465 2941 Coppinum
479 2861 595 2938 posita:
622 2865 764 2919 consume
778 2881 795 2918 a
810 2879 915 2918 summo
925 2864 1056 2935 pontifice
1070 2860 1111 2938 (N
1117 2857 1228 2937 icolao)
1246 2865 1309 2918 mrb-

170 2981 213 3022 ass
226 2973 269 3023 ert
284 2967 325 3021 nd
342 2980 388 3021 eos
403 2965 485 3020 libros
507 2961 603 3040 (Livi)
615 2967 835 3038 perscrutandos
849 2965 964 3021 Herroclr
985 2966 1151 3037 ascalonus,
1172 2968 1220 3038 qui
1240 2966 1309 3021 odeo

171 3067 281 3141 amens
300 3066 370 3140 fuit,
390 3073 420 3121 ut
438 3067 507 3122 nihil
526 3070 580 3122 iam
600 3068 705 3124 biennio
728 3071 863 3124 invenerit
881 3068 992 3140 dignum
1006 3070 1089 3122 ¹etiam
1105 3069 1206 3124 indocti
1225 3067 1309 3124 bomi-

172 3170 208 3224 ru'r
219 3170 342 3227 nouom
379 3163 418 3223 ad
434 3185 513 3246 quae
528 3166 716 3226 inlustranda
733 3168 813 3226 iufra
826 3166 1017 3226 redeundum
1033 3165 1100 3224 crit.

251 3268 323 3329 Nou
346 3266 571 3326 contemnenda
591 3288 666 3328 saue
687 3289 744 3329 uec
767 3268 922 3328 doctorum
947 3269 1038 3327 etiam
1062 3267 1213 3327 hominum
1238 3287 1311 3328 cura

173 3369 295 3450 indigna
319 3369 450 3428 Henoch
470 3369 644 3448 repperisse
667 3369 815 3430 dicendus
838 3383 899 3444 est,
920 3361 980 3450 qui*
994 3380 1116 3450 praeter
1131 3368 1311 3430 Suetonium

172 3490 206 3532 ex
228 3470 339 3533 eodem
363 3472 488 3550 arrtiquo
508 3470 585 3529 libro
606 3470 665 3530 duo
681 3472 784 3530 Taciti
806 3474 920 3552 scripta
943 3470 1139 3532 Germaniam
1163 3480 1194 3530 et
1214 3471 1310 3532 dialo-

171 3571 398 3650 gnminlucem
413 3572 621 3651 protraxisset.
653 3575 739 3632 cuius
758 3575 801 3632 rei
813 3573 903 3633 fidem
916 3575 1035 3633 faciunt
1050 3573 1227 3653 apographa
1242 3573 1312 3633 libri
1355 3573 1360 3582 '

171 3673 361 3734 llenochiani
374 3675 522 3752 quinque,
536 3673 655 3733 scilicet
663 3676 805 3734 Vaticani
819 3685 893 3738 1862.
905 3685 1066 3749 15164498,
1078 3677 1310 3755 Neapolitanus,

172 3777 218 3855 qui
232 3775 327 3852 vulgo
338 3775 545 3833 Faruesianus
562 3774 680 3846 dicitur,
698 3776 830 3856 denique
840 3777 938 3855 ipsum
950 3777 1083 3836 Pontani
1092 3779 1310 3859 apographum,

171 3875 573 3957 quodLeidae-adservatur‚
586 3878 699 3957 quippe
712 3877 820 3957 quibus
830 3880 888 3937 tria
900 3879 954 3939 illa
965 3880 1078 3958 scripta
1089 3883 1311 3942 contineantur.

170 3978 340 4038 inrelicuis
361 3998 434 4036 vero
456 3998 534 4036 uuus
557 3980 664 4038 saltem
685 3981 786 4038 'l‘aciti
809 3980 888 4039 liber
904 3979 1050 4041 Suetonio
1066 3981 1256 4060 adiungitur,
1280 3985 1311 4043 in

169 4099 225 4140 uno
241 4079 386 4141 Gudiauo
403 4079 485 4141 solus
503 4080 667 4140 Suetonius
682 4091 778 4141 extat.
816 4081 951 4142 codicem
973 4092 1074 4143 autem
1096 4085 1126 4143 in
1144 4084 1311 4144 Germania

169 4179 323 4241 inventum
339 4200 406 4240 esse
434 4182 567 4241 Pontani
581 4182 678 4241 vcrb'a
699 4181 834 4242 indicare
857 4183 1014 4245 videntur:
1041 4184 1095 4245 sed
1118 4205 1177 4244 uon
1201 4184 1311 4244 desunt

168 4282 227 4342 slis
242 4283 554 4355 certissimaindicia‚
579 4284 687 4363 quibus
712 4286 808 4361 ipsum
825 4284 903 4345 adeo
919 4289 1148 4359 monasterium,
1171 4288 1201 4344 in
1223 4286 1309 4345 ouius

168 4381 353 4467 bibliotheca
380 4383 433 4443 ille
460 4383 598 4459 latuerit,
633 4386 797 4463 aperiatur.
842 4386 978 4463 Poggius
1007 4388 1087 4446 enim
1112 4388 1143 4446 in
1170 4384 1311 4466 epistulis
