2964 5002
668 377 772 418 eaevr
796 379 819 417 n
1256 363 1317 426 433

172 520 320 583 Suetonio
334 523 441 583 deberi
455 527 521 584 reri
539 536 586 584 est
603 528 797 589 simillimum.
820 530 914 588 veluti
926 550 951 589 c.
966 530 1053 588 tertio
1071 531 1108 589 de
1126 532 1317 593 hebdomade

172 622 311 695 disserit,
330 643 357 682 c.
370 626 475 703 quinto
494 625 640 687 describit
658 630 850 688 concordiam
862 633 1024 703 mensium,
1040 652 1065 689 e.
1081 635 1209 711 septimo
1224 635 1316 693 tradit

169 733 315 803 quattuor
326 726 398 785 anni
409 736 577 807 temporum
588 731 709 788 uomina
720 739 844 789 naturas
850 733 1009 810 principia,
1023 733 1156 813 denique
1169 756 1194 794 c.
1206 731 1314 795 octavo

170 825 210 884 de
221 825 353 886 solstitio
368 834 400 886 et
411 831 604 909 aequinoctio
622 830 744 891 brevem
757 834 893 891 notitiam
907 833 1054 910 adiungit.
1077 855 1156 914 quae
1170 839 1269 896 omnia
1280 846 1315 896 ut

170 947 232 986 non
252 926 359 987 dubito
384 928 589 990 Suetonianae
612 932 825 1011 disputationis
852 935 1018 1012 particulas
1047 956 1240 1015 nuncupare,
1273 940 1316 997 ita

170 1031 260 1089 etiam
276 1030 327 1089 hic
346 1032 504 1092 fatendum
518 1043 566 1093 est
580 1035 734 1113 antiquam
749 1037 922 1095 memoriam
942 1036 979 1095 ab
999 1037 1116 1096 Isidoro
1136 1040 1259 1118 saepius
1278 1058 1315 1098 eo

171 1143 344 1213 corruptam
360 1154 429 1193 esse
442 1134 522 1213 quod
536 1136 657 1194 novicia
669 1122 911 1196 Christianorum
924 1140 1061 1197 instituta
1073 1160 1141 1215 curn
1159 1141 1314 1200 veteribus

170 1233 383 1294 confirnderet.
407 1232 489 1315 quod
506 1237 537 1295 in
550 1238 654 1316 primis
664 1238 779 1296 facturn
795 1248 842 1297 est
858 1240 889 1301 in
904 1260 930 1299 c.
944 1241 1034 1299 tertio
1052 1242 1173 1318 (fragm.
1192 1251 1239 1306 117
1249 1241 1313 1321 **)‚

169 1357 229 1417 quo
246 1338 454 1416 septenariam
471 1337 586 1397 dierum
601 1339 768 1397 secundum
783 1341 904 1399 nomina
915 1341 1105 1418 planetarum
1122 1343 1312 1418 divisionem,

169 1461 248 1520 quae
268 1461 289 1501 a
304 1439 452 1501 Borrama
471 1435 598 1499 Suetoni
616 1440 681 1499 fere
700 1449 802 1500 aetate
823 1437 876 1519 (cf.
890 1440 976 1501 Cass.
989 1443 1049 1501 Dio
1061 1451 1104 1515 37,
1126 1442 1170 1525 18)
1182 1446 1213 1503 in
1227 1465 1315 1504 risum

170 1563 359 1603 communem
370 1546 495 1617 recepta
508 1547 564 1612 est,
577 1559 644 1599 cum
654 1540 826 1602 Christiano
839 1545 981 1603 feriarum
995 1545 1099 1603 ordine
1111 1547 1313 1605 commutavit.

168 1654 200 1703 at
211 1652 535 1705 remanserunttauren
547 1646 660 1703 veteris
669 1645 799 1704 instituti
811 1646 959 1722 vestigia,
977 1645 1029 1704 ubi
1041 1655 1180 1705 narratur
1191 1668 1253 1728 qua
1266 1669 1313 1708 ra·

168 1748 250 1807 tione
264 1746 350 1806 ducti
369 1745 485 1823 antiqui
505 1746 687 1823 explanatis
706 1746 812 1806 diebus
829 1749 951 1807 nomina
964 1741 1112 1808 dederint.
1128 1748 1182 1807 sed
1195 1770 1233 1808 ne
1246 1752 1313 1830 quis

168 1848 274 1908 credat
287 1848 388 1927 ipsum
399 1866 432 1904 se
443 1846 514 1903 huic
522 1847 729 1924 superstitioni
743 1847 900 1908 addixisse
914 1860 1001 1909 caute
1013 1849 1114 1909 addit:
1131 1856 1196 1908 tolia
1207 1857 1313 1926 quippe

166 1954 320 2025 pestilibus
340 1951 436 2007 extitit
456 1951 575 2005 stultitia
595 1951 646 2020 qm'
665 1953 718 2006 sibi
737 1953 892 2021 finxerunt
913 1961 970 2010 tom
991 1957 1147 2011 ridlerdosa
1165 1957 1312 2028 fipmenta.

168 2050 280 2111 deinde
293 2071 320 2109 c.
333 2049 438 2129 quinto
451 2046 501 2105 nbi
514 2047 552 2106 de
564 2048 728 2108 concordia
739 2053 885 2110 mensium
898 2073 996 2112 sermo
1013 2064 1060 2112 est
1071 2055 1194 2113 nimium
1211 2075 1243 2113 se
1256 2055 1311 2114 Isi-

168 2151 259 2211 dorus
267 2152 301 2209 in
312 2148 479 2209 breviando
491 2150 654 2227 praestitit.
679 2155 837 2230 conposita
849 2156 928 2212 enim
944 2163 991 2212 est
1007 2155 1062 2213 illa
1075 2157 1224 2214 mensium
1242 2176 1312 2216 con·
1388 2182 1395 2195 ·

167 2251 273 2312 cordia
285 2250 326 2310 ad
334 2249 483 2327 horologii
491 2253 638 2310 rationem
649 2273 656 2326 ς
671 2252 726 2310 sed
739 2251 889 2330 quomodo
902 2274 939 2312 ea
952 2256 1062 2313 existat
1071 2257 1204 2317 Isidorus
1218 2279 1312 2336 expo·

165 2374 240 2413 nere
251 2351 437 2432 supersedit.
454 2351 535 2432 quod
554 2351 695 2411 darrrnum
714 2355 876 2413 resarcitur
893 2356 1071 2434 plenissima
1082 2376 1120 2413 ea
1139 2355 1176 2413 de
1194 2377 1227 2414 re
1241 2358 1312 2417 Pal·

90 2518 94 2529 ,
167 2454 229 2515 ladi
247 2454 472 2534 disputatione,
491 2456 543 2534 qui
561 2457 592 2513 in
610 2454 755 2514 librorum
769 2455 879 2514 finibus
897 2457 1038 2514 horarum
1056 2475 1228 2514 mensuram
1246 2460 1311 2517 eius

166 2557 279 2617 mensis
297 2555 383 2614 cuius
401 2565 539 2616 naturam
561 2557 754 2616 inlustrasset
776 2560 902 2637 eiusque
918 2576 1048 2637 quocum
1064 2556 1117 2614 ille
1137 2559 1313 2617 conveniret

167 2657 513 2736 accurate-conparavit.
527 2659 580 2737 qui
593 2678 660 2716 curu
672 2661 702 2717 iu
715 2659 816 2719 verbis
830 2659 907 2718 adeo
920 2658 1037 2718 Isidoro
1054 2658 1224 2717 consentiat
1238 2677 1310 2716 eun-

168 2758 234 2821 dem
247 2769 406 2820 auctorem
417 2758 504 2838 sequi
516 2760 650 2835 arguitur
662 2782 752 2839 qumn
765 2761 962 2838 exscripserit
972 2758 1117 2817 Isidorus.
1140 2779 1167 2817 c.
1182 2760 1309 2838 septimo

165 2861 342 2942 Tranquilli
353 2860 449 2920 verba
461 2881 542 2919 more
557 2882 611 2920 suo
623 2862 824 2923 Arubrosiana
839 2872 1007 2940 temporum
1020 2863 1090 2918 anni
1105 2862 1310 2940 descriptione

166 2962 380 3042 interpolavit,
400 2963 456 3021 sed
473 2971 575 3021 tamen
592 2964 635 3021 ita
647 2972 681 3021 ut
696 2964 784 3023 huius
801 2967 852 3043 qui
874 2985 966 3043 super
985 2974 1031 3022 est
1046 2962 1141 3022 verba
1157 2964 1240 3022 facili
1257 2983 1309 3023 ns·

165 3067 247 3142 gotio
267 3064 384 3125 abillis
403 3084 555 3122 secernas.
590 3064 777 3125 Suetoniana
800 3073 902 3124 autem
922 3076 1086 3143 propterea
1106 3066 1236 3123 maxime
1256 3085 1309 3135 no-

167 3165 273 3227 tabilia
285 3174 355 3226 suut
368 3164 449 3244 quod
466 3138 536 3223 indi
550 3164 692 3225 discimus
706 3170 771 3226 eius
784 3176 884 3226 aetate
897 3176 1063 3244 temporum
1079 3166 1227 3243 principia
1241 3187 1309 3244 pro·

166 3270 233 3347 pius
249 3269 344 3328 etiarn
357 3286 447 3346 qnam
463 3265 502 3325 ab
519 3267 648 3326 Eudoxo
667 3270 781 3328 factum
797 3279 864 3328 erat
880 3268 933 3346 (cf.
954 3268 1160 3325 Momruseuus
1174 3267 1308 3326 chronol.

166 3370 253 3429 Rom.
261 3391 291 3449 p.
306 3367 355 3445 65)
368 3367 408 3427 ad
423 3368 577 3427 naturales
591 3372 662 3428 anni
675 3372 815 3429 cardines
831 3369 961 3429 solstitia
978 3378 1010 3426 et
1027 3367 1222 3445 aequinoctia
1239 3388 1309 3426 con·

166 3472 272 3531 stituta
283 3491 364 3531 esse.
384 3490 462 3551 quae
475 3470 551 3528 ratio
565 3490 632 3529 cum
644 3482 766 3531 nostrae
779 3481 926 3549 congruat
938 3481 1040 3528 tamen
1052 3467 1207 3548 paululum
1220 3468 1257 3526 ab
1273 3490 1310 3527 ea
1357 3485 1364 3505 ⁹
1382 3475 1390 3493 '

167 3569 283 3644 differt,
296 3566 447 3651 siquidem
460 3582 626 3649 temporum
640 3575 787 3652 principia
797 3597 857 3633 nou
868 3573 941 3650 ipsis
953 3570 1090 3630 solstitiis
1104 3580 1135 3629 et
1146 3572 1308 3649 aequinoc-

167 3673 215 3730 tiis
224 3673 301 3732 iiuut
313 3673 368 3732 sed
378 3693 499 3752 semper
510 3695 570 3733 uno
583 3695 686 3734 mense
701 3676 756 3734 lros
769 3677 839 3734 anni
852 3673 992 3733 cardines
1005 3672 1202 3750 praecedunt.
1228 3672 1308 3751 quod

166 3772 233 3831 ideo
249 3774 365 3833 facturn
382 3775 556 3835 videturne
572 3777 648 3834 haec
664 3797 744 3834 nova
759 3778 830 3834 anni
850 3776 959 3834 divisio
975 3776 1096 3832 nimiam
1118 3792 1135 3832 a
1151 3775 1241 3851 priori
1261 3793 1296 3830 ra

166 3875 245 3933 tione
260 3875 432 3935 recederet.
468 3878 511 3934 sic
529 3898 567 3935 ex
586 3878 771 3936 Suetoniano
790 3886 820 3934 ut
837 3877 971 3935 breviter
987 3876 1085 3933 dicam
1101 3875 1238 3932 instituto
1255 3893 1310 3931 rer

168 3974 242 4035 VIII
257 3975 329 4035 Kal.
347 3976 436 4037 Mart.
455 3981 604 4039 exoritur:
625 3977 748 4058 quodie
766 3977 975 4048 hirundinem,
998 3997 1077 4055 quae
1090 3977 1213 4035 rusticis
1228 3974 1309 4032 reris

165 4079 269 4139 nuntia
287 4078 363 4152 suit,
378 4078 503 4156 primam
519 4081 550 4138 in
565 4081 657 4138 Italia
671 4080 767 4136 visam
783 4097 852 4136 esse
866 4077 984 4136 Plinius
1000 4079 1037 4136 N.
1050 4078 1090 4136 H.
1107 4078 1121 4134 I
1127 4078 1139 4135 I
1156 4085 1203 4136 iri
1219 4075 1309 4132 docet

166 4178 219 4253 (cl.
235 4178 408 4238 Columella
424 4180 455 4238 ll
472 4180 528 4257 15).
559 4182 658 4240 media
671 4189 718 4238 est
734 4179 825 4253 igitur
843 4177 968 4236 Suetoni
985 4180 1061 4237 ratio
1077 4179 1155 4236 inter
1170 4185 1307 4234 veterum

135 4272 137 4277 ’
164 4278 369 4339 Romanorum
385 4289 415 4339 ct
431 4274 564 4339 nostram
581 4277 846 4352 consuetudinem
863 4298 922 4356 qno
939 4289 1028 4358 pacto
1046 4286 1245 4356 recuperatus
1262 4284 1309 4333 est

164 4381 251 4458 quasi
271 4379 394 4460 quidam
414 4383 574 4453 transitus,
597 4400 686 4461 quem
699 4377 888 4437 desideravit
901 4379 1106 4438 llourmsenus
1122 4378 1142 4435 l.
1157 4398 1184 4438 c.
1203 4397 1232 4455 p.
1245 4384 1307 4436 30&

214 4493 336 4530 svaroru
355 4493 417 4530 arn.
1062 4470 1102 4532 28
