<?xml version="1.0" encoding="UTF-8"?>
<!DOCTYPE html PUBLIC "-//W3C//DTD XHTML 1.0 Transitional//EN"
    "http://www.w3.org/TR/xhtml1/DTD/xhtml1-transitional.dtd">
<html xmlns="http://www.w3.org/1999/xhtml" xml:lang="en" lang="en">
 <head>
  <title>
</title>
<meta http-equiv="Content-Type" content="text/html;charset=utf-8" />
  <meta name='ocr-system' content='tesseract 3.04.00' />
  <meta name='ocr-capabilities' content='ocr_page ocr_carea ocr_par ocr_line ocrx_word'/>
</head>
<body>
  <div class='ocr_page' id='page_1' title='image "./csvetonitranqvi00ritsgoog_0461.png"; bbox 0 0 2964 5002; ppageno 0'>
   <div class='ocr_carea' id='block_1_1' title="bbox 625 1274 873 1358">
    <p class='ocr_par' dir='ltr' id='par_1_1' title="bbox 625 1274 873 1358">
     <span class='ocr_line' id='line_1_1' title="bbox 625 1274 873 1358; baseline 0.012 -4"><span class='ocrx_word' id='word_1_1' title='bbox 625 1274 804 1358; x_wconf 83' lang='lat' dir='ltr'><strong>CAPVT</strong></span> <span class='ocrx_word' id='word_1_2' title='bbox 833 1276 873 1357; x_wconf 92' lang='lat' dir='ltr'><strong>ll</strong></span> 
     </span>
    </p>
   </div>
   <div class='ocr_carea' id='block_1_2' title="bbox 175 1492 1322 2593">
    <p class='ocr_par' dir='ltr' id='par_1_2' title="bbox 175 1492 1322 2399">
     <span class='ocr_line' id='line_1_2' title="bbox 264 1492 1322 1579; baseline 0.007 -27"><span class='ocrx_word' id='word_1_3' title='bbox 264 1492 316 1553; x_wconf 82' lang='lat' dir='ltr'><strong>Ad</strong></span> <span class='ocrx_word' id='word_1_4' title='bbox 337 1501 491 1575; x_wconf 81' lang='lat' dir='ltr'><strong>pratorum</strong></span> <span class='ocrx_word' id='word_1_5' title='bbox 511 1494 606 1556; x_wconf 77' lang='lat' dir='ltr'><strong>libsos</strong></span> <span class='ocrx_word' id='word_1_6' title='bbox 627 1516 675 1558; x_wconf 89' lang='lat' dir='ltr'><strong>me</strong></span> <span class='ocrx_word' id='word_1_7' title='bbox 703 1505 866 1572; x_wconf 80' lang='lat' dir='ltr'>converto,</span> <span class='ocrx_word' id='word_1_8' title='bbox 893 1517 1021 1579; x_wconf 87' lang='lat' dir='ltr'><strong>quorum</strong></span> <span class='ocrx_word' id='word_1_9' title='bbox 1042 1499 1190 1563; x_wconf 75' lang='lat' dir='ltr'><strong>memoria</strong></span> <span class='ocrx_word' id='word_1_10' title='bbox 1210 1501 1322 1560; x_wconf 88' lang='lat' dir='ltr'><strong>nostris</strong></span> 
     </span>
     <span class='ocr_line' id='line_1_3' title="bbox 179 1595 1321 1680; baseline 0.003 -23"><span class='ocrx_word' id='word_1_11' title='bbox 179 1595 300 1657; x_wconf 86' lang='lat' dir='ltr'><strong>demum</strong></span> <span class='ocrx_word' id='word_1_12' title='bbox 311 1595 496 1676; x_wconf 80' lang='lat' dir='ltr'><strong>temporibus</strong></span> <span class='ocrx_word' id='word_1_13' title='bbox 508 1617 527 1656; x_wconf 88' lang='lat' dir='ltr'><strong>a</strong></span> <span class='ocrx_word' id='word_1_14' title='bbox 538 1598 612 1658; x_wconf 81' lang='lat' dir='ltr'><strong>viris</strong></span> <span class='ocrx_word' id='word_1_15' title='bbox 626 1595 724 1658; x_wconf 88' lang='lat' dir='ltr'><strong>doctis</strong></span> <span class='ocrx_word' id='word_1_16' title='bbox 742 1601 925 1660; x_wconf 85' lang='lat' dir='ltr'><strong>resuscitata</strong></span> <span class='ocrx_word' id='word_1_17' title='bbox 936 1608 990 1660; x_wconf 85' lang='lat' dir='ltr'><strong>est</strong></span> <span class='ocrx_word' id='word_1_18' title='bbox 1020 1618 1148 1680; x_wconf 87' lang='lat' dir='ltr'><strong>qnorum</strong></span> <span class='ocrx_word' id='word_1_19' title='bbox 1164 1620 1244 1662; x_wconf 86' lang='lat' dir='ltr'><strong>unus</strong></span> <span class='ocrx_word' id='word_1_20' title='bbox 1261 1622 1321 1661; x_wconf 93' lang='lat' dir='ltr'><strong>non</strong></span> 
     </span>
     <span class='ocr_line' id='line_1_4' title="bbox 178 1696 1321 1784; baseline 0.004 -27"><span class='ocrx_word' id='word_1_21' title='bbox 178 1696 421 1778; x_wconf 79' lang='lat' dir='ltr'><strong>praetereundus</strong></span> <span class='ocrx_word' id='word_1_22' title='bbox 436 1704 498 1771; x_wconf 84' lang='lat' dir='ltr'><strong>est,</strong></span> <span class='ocrx_word' id='word_1_23' title='bbox 517 1698 599 1778; x_wconf 90' lang='lat' dir='ltr'><strong>quod</strong></span> <span class='ocrx_word' id='word_1_24' title='bbox 620 1698 767 1775; x_wconf 78' lang='lat' dir='ltr'><strong>laudabili</strong></span> <span class='ocrx_word' id='word_1_25' title='bbox 785 1701 912 1761; x_wconf 93' lang='lat' dir='ltr'><strong>consilio</strong></span> <span class='ocrx_word' id='word_1_26' title='bbox 931 1709 962 1762; x_wconf 87' lang='lat' dir='ltr'><strong>ct</strong></span> <span class='ocrx_word' id='word_1_27' title='bbox 980 1710 1093 1761; x_wconf 85' lang='lat' dir='ltr'><strong>eventu</strong></span> <span class='ocrx_word' id='word_1_28' title='bbox 1108 1701 1225 1784; x_wconf 88' lang='lat' dir='ltr'><strong>primus</strong></span> <span class='ocrx_word' id='word_1_29' title='bbox 1240 1702 1321 1762; x_wconf 84' lang='lat' dir='ltr'><strong>hanc</strong></span> 
     </span>
     <span class='ocr_line' id='line_1_5' title="bbox 178 1799 1322 1880; baseline 0.004 -22"><span class='ocrx_word' id='word_1_30' title='bbox 178 1799 389 1880; x_wconf 80' lang='lat' dir='ltr'><strong>quaestionem</strong></span> <span class='ocrx_word' id='word_1_31' title='bbox 415 1799 568 1861; x_wconf 82' lang='lat' dir='ltr'><strong>tractavit.</strong></span> <span class='ocrx_word' id='word_1_32' title='bbox 614 1799 744 1861; x_wconf 82' lang='lat' dir='ltr'><strong>Guetsvi</strong></span> <span class='ocrx_word' id='word_1_33' title='bbox 774 1803 853 1862; x_wconf 90' lang='lat' dir='ltr'><strong>enim</strong></span> <span class='ocrx_word' id='word_1_34' title='bbox 875 1803 1008 1863; x_wconf 78' lang='lat' dir='ltr'><strong>Beckeri</strong></span> <span class='ocrx_word' id='word_1_35' title='bbox 1035 1804 1174 1865; x_wconf 86' lang='lat' dir='ltr'><strong>meritum</strong></span> <span class='ocrx_word' id='word_1_36' title='bbox 1199 1811 1262 1877; x_wconf 86' lang='lat' dir='ltr'><strong>est,</strong></span> <span class='ocrx_word' id='word_1_37' title='bbox 1290 1805 1322 1863; x_wconf 91' lang='lat' dir='ltr'><strong>in</strong></span> 
     </span>
     <span class='ocr_line' id='line_1_6' title="bbox 177 1900 1321 1986; baseline 0.002 -26"><span class='ocrx_word' id='word_1_38' title='bbox 177 1901 401 1981; x_wconf 84' lang='lat' dir='ltr'><strong>prolegomenis</strong></span> <span class='ocrx_word' id='word_1_39' title='bbox 419 1900 459 1960; x_wconf 84' lang='lat' dir='ltr'><strong>ad</strong></span> <span class='ocrx_word' id='word_1_40' title='bbox 474 1900 626 1961; x_wconf 86' lang='lat' dir='ltr'><strong>Isidorum</strong></span> <span class='ocrx_word' id='word_1_41' title='bbox 642 1901 681 1962; x_wconf 90' lang='lat' dir='ltr'><strong>de</strong></span> <span class='ocrx_word' id='word_1_42' title='bbox 700 1911 812 1965; x_wconf 81' lang='lat' dir='ltr'><strong>nature</strong></span> <span class='ocrx_word' id='word_1_43' title='bbox 828 1924 929 1965; x_wconf 85' lang='lat' dir='ltr'><strong>rerum</strong></span> <span class='ocrx_word' id='word_1_44' title='bbox 941 1924 972 1984; x_wconf 90' lang='lat' dir='ltr'><strong>p.</strong></span> <span class='ocrx_word' id='word_1_45' title='bbox 988 1904 1055 1965; x_wconf 81' lang='grc' dir='ltr'><strong>ΧΠ</strong></span> <span class='ocrx_word' id='word_1_46' title='bbox 1062 1925 1130 1986; x_wconf 86' lang='lat' dir='ltr'><strong>sqq.</strong></span> <span class='ocrx_word' id='word_1_47' title='bbox 1150 1913 1182 1964; x_wconf 85' lang='lat' dir='ltr'><strong>et</strong></span> <span class='ocrx_word' id='word_1_48' title='bbox 1200 1904 1321 1964; x_wconf 88' lang='lat' dir='ltr'><strong>titulum</strong></span> 
     </span>
     <span class='ocr_line' id='line_1_7' title="bbox 175 2001 1321 2087; baseline 0.003 -26"><span class='ocrx_word' id='word_1_49' title='bbox 175 2001 247 2062; x_wconf 88' lang='lat' dir='ltr'>libri</span> <span class='ocrx_word' id='word_1_50' title='bbox 265 2001 304 2062; x_wconf 80' lang='lat' dir='ltr'><strong>ab</strong></span> <span class='ocrx_word' id='word_1_51' title='bbox 321 2002 401 2062; x_wconf 91' lang='lat' dir='ltr'><strong>omni</strong></span> <span class='ocrx_word' id='word_1_52' title='bbox 415 2004 589 2083; x_wconf 79' lang='lat' dir='ltr'><strong>suspicione</strong></span> <span class='ocrx_word' id='word_1_53' title='bbox 603 2003 777 2065; x_wconf 82' lang='lat' dir='ltr'><strong>vindicasse</strong></span> <span class='ocrx_word' id='word_1_54' title='bbox 800 2013 832 2065; x_wconf 91' lang='lat' dir='ltr'><strong>ct</strong></span> <span class='ocrx_word' id='word_1_55' title='bbox 852 2007 992 2084; x_wconf 76' lang='lat' dir='ltr'><strong>egregias</strong></span> <span class='ocrx_word' id='word_1_56' title='bbox 1015 2005 1152 2065; x_wconf 86' lang='lat' dir='ltr'><strong>eiusdem</strong></span> <span class='ocrx_word' id='word_1_57' title='bbox 1175 2006 1321 2087; x_wconf 78' lang='lat' dir='ltr'><strong>reliquias</strong></span> 
     </span>
     <span class='ocr_line' id='line_1_8' title="bbox 177 2105 1320 2183; baseline 0.002 -19"><span class='ocrx_word' id='word_1_58' title='bbox 177 2106 282 2183; x_wconf 75' lang='lat' dir='ltr'><strong>sagaci</strong></span> <span class='ocrx_word' id='word_1_59' title='bbox 303 2105 540 2182; x_wconf 78' lang='lat' dir='ltr'><strong>investigatione</strong></span> <span class='ocrx_word' id='word_1_60' title='bbox 559 2106 684 2166; x_wconf 88' lang='lat' dir='ltr'><strong>eruisse.</strong></span> <span class='ocrx_word' id='word_1_61' title='bbox 720 2113 855 2167; x_wconf 84' lang='lat' dir='ltr'><strong>attamen</strong></span> <span class='ocrx_word' id='word_1_62' title='bbox 872 2115 906 2165; x_wconf 91' lang='lat' dir='ltr'><strong>ut</strong></span> <span class='ocrx_word' id='word_1_63' title='bbox 926 2107 1050 2169; x_wconf 88' lang='lat' dir='ltr'><strong>multum</strong></span> <span class='ocrx_word' id='word_1_64' title='bbox 1068 2105 1173 2180; x_wconf 84' lang='lat' dir='ltr'><strong>abest,</strong></span> <span class='ocrx_word' id='word_1_65' title='bbox 1201 2116 1234 2167; x_wconf 90' lang='lat' dir='ltr'><strong>ut</strong></span> <span class='ocrx_word' id='word_1_66' title='bbox 1256 2127 1320 2167; x_wconf 89' lang='lat' dir='ltr'><strong>rem</strong></span> 
     </span>
     <span class='ocr_line' id='line_1_9' title="bbox 177 2205 1322 2290; baseline 0.002 -23"><span class='ocrx_word' id='word_1_67' title='bbox 177 2206 360 2279; x_wconf 86' lang='lat' dir='ltr'><strong>absolverit,</strong></span> <span class='ocrx_word' id='word_1_68' title='bbox 378 2205 422 2266; x_wconf 82' lang='lat' dir='ltr'><strong>itu</strong></span> <span class='ocrx_word' id='word_1_69' title='bbox 433 2205 472 2268; x_wconf 94' lang='lat' dir='ltr'><strong>de</strong></span> <span class='ocrx_word' id='word_1_70' title='bbox 487 2208 614 2269; x_wconf 89' lang='lat' dir='ltr'><strong>consilio</strong></span> <span class='ocrx_word' id='word_1_71' title='bbox 626 2217 658 2267; x_wconf 90' lang='lat' dir='ltr'><strong>et</strong></span> <span class='ocrx_word' id='word_1_72' title='bbox 667 2208 804 2268; x_wconf 91' lang='lat' dir='ltr'><strong>instituto</strong></span> <span class='ocrx_word' id='word_1_73' title='bbox 822 2210 923 2290; x_wconf 87' lang='lat' dir='ltr'><strong>operis</strong></span> <span class='ocrx_word' id='word_1_74' title='bbox 938 2209 1118 2272; x_wconf 82' lang='lat' dir='ltr'><strong>Suetoniani</strong></span> <span class='ocrx_word' id='word_1_75' title='bbox 1133 2208 1234 2269; x_wconf 86' lang='lat' dir='ltr'><strong>minus</strong></span> <span class='ocrx_word' id='word_1_76' title='bbox 1247 2229 1322 2269; x_wconf 82' lang='lat' dir='ltr'><strong>vera</strong></span> 
     </span>
     <span class='ocr_line' id='line_1_10' title="bbox 178 2308 1273 2399; baseline -0.009 -24"><span class='ocrx_word' id='word_1_77' title='bbox 178 2333 248 2375; x_wconf 88' lang='lat' dir='ltr'><strong>eum</strong></span> <span class='ocrx_word' id='word_1_78' title='bbox 261 2312 425 2395; x_wconf 87' lang='lat' dir='ltr'><strong>protulisse</strong></span> <span class='ocrx_word' id='word_1_79' title='bbox 442 2310 523 2399; x_wconf 63' lang='lat' dir='ltr'><strong>infra</strong></span> <span class='ocrx_word' id='word_1_80' title='bbox 536 2308 678 2370; x_wconf 84' lang='lat' dir='ltr'><strong>elucebit.</strong></span> <span class='ocrx_word' id='word_1_81' title='bbox 1029 2312 1034 2317; x_wconf 80' lang='grc'><strong>’</strong></span> <span class='ocrx_word' id='word_1_82' title='bbox 1269 2387 1273 2398; x_wconf 88' lang='lat'>.</span> 
     </span>
    </p>

    <p class='ocr_par' dir='ltr' id='par_1_3' title="bbox 176 2408 1322 2593">
     <span class='ocr_line' id='line_1_11' title="bbox 261 2408 1322 2499; baseline -0.001 -23"><span class='ocrx_word' id='word_1_83' title='bbox 261 2417 357 2476; x_wconf 86' lang='lat' dir='ltr'><strong>Prata</strong></span> <span class='ocrx_word' id='word_1_84' title='bbox 370 2413 549 2499; x_wconf 79' lang='lat' dir='ltr'><strong>Suetonium</strong></span> <span class='ocrx_word' id='word_1_85' title='bbox 565 2412 725 2491; x_wconf 87' lang='lat' dir='ltr'><strong>scripsisse</strong></span> <span class='ocrx_word' id='word_1_86' title='bbox 736 2408 876 2472; x_wconf 83' lang='lat' dir='ltr'><strong>Isidorus</strong></span> <span class='ocrx_word' id='word_1_87' title='bbox 891 2410 931 2472; x_wconf 91' lang='lat' dir='ltr'><strong>de</strong></span> <span class='ocrx_word' id='word_1_88' title='bbox 953 2419 1062 2472; x_wconf 72' lang='lat' dir='ltr'><strong>natm</strong></span> <span class='ocrx_word' id='word_1_89' title='bbox 1082 2433 1185 2474; x_wconf 85' lang='lat' dir='ltr'><strong>rernm</strong></span> <span class='ocrx_word' id='word_1_90' title='bbox 1202 2412 1322 2475; x_wconf 88' lang='lat' dir='ltr'><strong>duobus</strong></span> 
     </span>
     <span class='ocr_line' id='line_1_12' title="bbox 176 2511 1320 2593; baseline -0.003 -15"><span class='ocrx_word' id='word_1_91' title='bbox 176 2518 253 2578; x_wconf 89' lang='lat' dir='ltr'><strong>locis</strong></span> <span class='ocrx_word' id='word_1_92' title='bbox 278 2537 304 2576; x_wconf 90' lang='lat' dir='ltr'><strong>c.</strong></span> <span class='ocrx_word' id='word_1_93' title='bbox 326 2525 361 2580; x_wconf 82' lang='lat'><strong>38</strong></span> <span class='ocrx_word' id='word_1_94' title='bbox 382 2513 436 2592; x_wconf 90' lang='lat' dir='ltr'><strong>(cf.</strong></span> <span class='ocrx_word' id='word_1_95' title='bbox 456 2513 565 2590; x_wconf 84' lang='lat' dir='ltr'><strong>fragm.</strong></span> <span class='ocrx_word' id='word_1_96' title='bbox 592 2511 682 2591; x_wconf 62' lang='lat'>152²)</span> <span class='ocrx_word' id='word_1_97' title='bbox 704 2521 736 2574; x_wconf 88' lang='lat' dir='ltr'><strong>et</strong></span> <span class='ocrx_word' id='word_1_98' title='bbox 749 2532 784 2572; x_wconf 86' lang='lat' dir='ltr'><strong>c.</strong></span> <span class='ocrx_word' id='word_1_99' title='bbox 804 2522 840 2576; x_wconf 72' lang='lat'><strong>44</strong></span> <span class='ocrx_word' id='word_1_100' title='bbox 863 2513 918 2591; x_wconf 80' lang='lat' dir='ltr'><strong>(cf.</strong></span> <span class='ocrx_word' id='word_1_101' title='bbox 939 2513 1044 2591; x_wconf 78' lang='lat' dir='ltr'><strong>fragm.</strong></span> <span class='ocrx_word' id='word_1_102' title='bbox 1068 2513 1157 2593; x_wconf 62' lang='lat'>157⁴)</span> <span class='ocrx_word' id='word_1_103' title='bbox 1172 2525 1320 2591; x_wconf 82' lang='lat' dir='ltr'><strong>testatur3</strong></span> 
     </span>
    </p>
   </div>
   <div class='ocr_carea' id='block_1_3' title="bbox 67 2614 1320 2701">
    <p class='ocr_par' dir='ltr' id='par_1_4' title="bbox 67 2614 1320 2701">
     <span class='ocr_line' id='line_1_13' title="bbox 67 2614 1320 2701; baseline -0.005 -19"><span class='ocrx_word' id='word_1_104' title='bbox 67 2674 71 2682; x_wconf 94' lang='lat'>.</span> <span class='ocrx_word' id='word_1_105' title='bbox 176 2629 339 2701; x_wconf 87' lang='lat' dir='ltr'><strong>praeterea</strong></span> <span class='ocrx_word' id='word_1_106' title='bbox 353 2616 434 2677; x_wconf 90' lang='lat' dir='ltr'><strong>idem</strong></span> <span class='ocrx_word' id='word_1_107' title='bbox 449 2615 528 2674; x_wconf 85' lang='lat' dir='ltr'><strong>liber</strong></span> <span class='ocrx_word' id='word_1_108' title='bbox 542 2614 655 2674; x_wconf 79' lang='lat' dir='ltr'><strong>diserte</strong></span> <span class='ocrx_word' id='word_1_109' title='bbox 672 2615 784 2673; x_wconf 87' lang='lat' dir='ltr'><strong>citatur</strong></span> <span class='ocrx_word' id='word_1_110' title='bbox 802 2616 835 2674; x_wconf 91' lang='lat' dir='ltr'><strong>iu</strong></span> <span class='ocrx_word' id='word_1_111' title='bbox 857 2616 901 2675; x_wconf 93' lang='lat' dir='ltr'><strong>eis</strong></span> <span class='ocrx_word' id='word_1_112' title='bbox 921 2614 1116 2690; x_wconf 83' lang='lat' dir='ltr'><strong>differentiis,</strong></span> <span class='ocrx_word' id='word_1_113' title='bbox 1141 2638 1219 2698; x_wconf 87' lang='lat' dir='ltr'><strong>quus</strong></span> <span class='ocrx_word' id='word_1_114' title='bbox 1240 2620 1320 2678; x_wconf 88' lang='lat' dir='ltr'><strong>Dor·</strong></span> 
     </span>
    </p>
   </div>
   <div class='ocr_carea' id='block_1_4' title="bbox 113 2716 1323 3714">
    <p class='ocr_par' dir='ltr' id='par_1_5' title="bbox 113 2716 1323 3714">
     <span class='ocr_line' id='line_1_14' title="bbox 169 2716 1321 2797; baseline -0.001 -18"><span class='ocrx_word' id='word_1_115' title='bbox 169 2721 278 2785; x_wconf 75' lang='lat' dir='ltr'><strong>¹villius</strong></span> <span class='ocrx_word' id='word_1_116' title='bbox 292 2740 309 2779; x_wconf 92' lang='lat' dir='ltr'><strong>e</strong></span> <span class='ocrx_word' id='word_1_117' title='bbox 325 2717 430 2777; x_wconf 90' lang='lat' dir='ltr'><strong>codice</strong></span> <span class='ocrx_word' id='word_1_118' title='bbox 441 2717 709 2797; x_wconf 86' lang='lat' dir='ltr'><strong>Montepcssulano</strong></span> <span class='ocrx_word' id='word_1_119' title='bbox 722 2718 753 2775; x_wconf 93' lang='lat' dir='ltr'><strong>in</strong></span> <span class='ocrx_word' id='word_1_120' title='bbox 768 2717 973 2777; x_wconf 85' lang='lat' dir='ltr'><strong>miscellaneis</strong></span> <span class='ocrx_word' id='word_1_121' title='bbox 985 2716 1251 2778; x_wconf 86' lang='lat' dir='ltr'><strong>observationibus</strong></span> <span class='ocrx_word' id='word_1_122' title='bbox 1265 2721 1321 2778; x_wconf 89' lang='lat' dir='ltr'><strong>cri·</strong></span> 
     </span>
     <span class='ocr_line' id='line_1_15' title="bbox 176 2817 1320 2899; baseline -0.003 -18"><span class='ocrx_word' id='word_1_123' title='bbox 176 2823 245 2881; x_wconf 89' lang='lat' dir='ltr'><strong>ticis</strong></span> <span class='ocrx_word' id='word_1_124' title='bbox 257 2821 344 2879; x_wconf 80' lang='lat' dir='ltr'><strong>n&#39;ovis</strong></span> <span class='ocrx_word' id='word_1_125' title='bbox 355 2827 426 2877; x_wconf 90' lang='lat' dir='ltr'><strong>tom.</strong></span> <span class='ocrx_word' id='word_1_126' title='bbox 439 2818 535 2876; x_wconf 94' lang='lat' dir='ltr'><strong>VlIII</strong></span> <span class='ocrx_word' id='word_1_127' title='bbox 547 2817 660 2896; x_wconf 88' lang='lat' dir='ltr'><strong>publici</strong></span> <span class='ocrx_word' id='word_1_128' title='bbox 673 2819 746 2877; x_wconf 91' lang='lat' dir='ltr'><strong>iuris</strong></span> <span class='ocrx_word' id='word_1_129' title='bbox 757 2818 832 2878; x_wconf 91' lang='lat' dir='ltr'><strong>secit</strong></span> <span class='ocrx_word' id='word_1_130' title='bbox 844 2818 898 2896; x_wconf 77' lang='lat' dir='ltr'><strong>(cf.</strong></span> <span class='ocrx_word' id='word_1_131' title='bbox 911 2819 1016 2896; x_wconf 81' lang='lat' dir='ltr'><strong>fragm.</strong></span> <span class='ocrx_word' id='word_1_132' title='bbox 1031 2827 1081 2882; x_wconf 82' lang='lat'><strong>176</strong></span> <span class='ocrx_word' id='word_1_133' title='bbox 1091 2840 1121 2898; x_wconf 86' lang='lat' dir='ltr'><strong>p.</strong></span> <span class='ocrx_word' id='word_1_134' title='bbox 1134 2819 1213 2898; x_wconf 77' lang='lat'><strong>296).</strong></span> <span class='ocrx_word' id='word_1_135' title='bbox 1247 2841 1320 2899; x_wconf 89' lang='lat' dir='ltr'><strong>quo-</strong></span> 
     </span>
     <span class='ocr_line' id='line_1_16' title="bbox 177 2918 1322 3000; baseline -0.001 -19"><span class='ocrx_word' id='word_1_136' title='bbox 177 2943 244 2981; x_wconf 88' lang='lat' dir='ltr'><strong>cum</strong></span> <span class='ocrx_word' id='word_1_137' title='bbox 260 2921 347 2980; x_wconf 92' lang='lat' dir='ltr'><strong>titulo</strong></span> <span class='ocrx_word' id='word_1_138' title='bbox 364 2928 446 2979; x_wconf 86' lang='lat' dir='ltr'><strong>recte</strong></span> <span class='ocrx_word' id='word_1_139' title='bbox 462 2921 553 2979; x_wconf 79' lang='lat' dir='ltr'><strong>iunia</strong></span> <span class='ocrx_word' id='word_1_140' title='bbox 570 2918 685 2980; x_wconf 84' lang='lat' dir='ltr'><strong>Grielio</strong></span> <span class='ocrx_word' id='word_1_141' title='bbox 702 2920 741 2978; x_wconf 86' lang='lat' dir='ltr'><strong>ed</strong></span> <span class='ocrx_word' id='word_1_142' title='bbox 758 2919 908 2979; x_wconf 89' lang='lat' dir='ltr'><strong>Isidorum</strong></span> <span class='ocrx_word' id='word_1_143' title='bbox 923 2920 944 2979; x_wconf 93' lang='lat' dir='ltr'><strong>l.</strong></span> <span class='ocrx_word' id='word_1_144' title='bbox 962 2940 988 2979; x_wconf 92' lang='lat' dir='ltr'><strong>c.</strong></span> <span class='ocrx_word' id='word_1_145' title='bbox 1006 2930 1192 3000; x_wconf 84' lang='lat' dir='ltr'><strong>conparatur</strong></span> <span class='ocrx_word' id='word_1_146' title='bbox 1207 2941 1322 2998; x_wconf 84' lang='lat' dir='ltr'><strong>graeca</strong></span> 
     </span>
     <span class='ocr_line' id='line_1_17' title="bbox 113 3014 1322 3103; baseline -0.005 -20"><span class='ocrx_word' id='word_1_147' title='bbox 113 3069 121 3083; x_wconf 85' lang='lat'><strong>.</strong></span> <span class='ocrx_word' id='word_1_148' title='bbox 176 3025 331 3103; x_wconf 86' lang='lat' dir='ltr'><strong>inscriptio</strong></span> <span class='ocrx_word' id='word_1_149' title='bbox 347 3021 505 3098; x_wconf 77' lang='grc' dir='ltr'><strong><em>λειμῶνος,</em></strong></span> <span class='ocrx_word' id='word_1_150' title='bbox 518 3042 578 3102; x_wconf 91' lang='lat' dir='ltr'><strong>que</strong></span> <span class='ocrx_word' id='word_1_151' title='bbox 594 3021 631 3081; x_wconf 90' lang='lat' dir='ltr'><strong>de</strong></span> <span class='ocrx_word' id='word_1_152' title='bbox 644 3020 754 3081; x_wconf 86' lang='lat' dir='ltr'><strong>Suidas</strong></span> <span class='ocrx_word' id='word_1_153' title='bbox 770 3042 794 3080; x_wconf 90' lang='lat' dir='ltr'><strong>s.</strong></span> <span class='ocrx_word' id='word_1_154' title='bbox 813 3043 843 3081; x_wconf 87' lang='lat' dir='ltr'><strong>v.</strong></span> <span class='ocrx_word' id='word_1_155' title='bbox 859 3014 1034 3098; x_wconf 72' lang='grc' dir='ltr'><strong><em>Πάμφιλοςτ</em></strong></span> <span class='ocrx_word' id='word_1_156' title='bbox 1052 3018 1166 3101; x_wconf 73' lang='grc' dir='ltr'><em>ἔγραψε</em></span> <span class='ocrx_word' id='word_1_157' title='bbox 1176 3021 1322 3098; x_wconf 77' lang='grc' dir='ltr'><strong>λειμῶνα·</strong></span> 
     </span>
     <span class='ocr_line' id='line_1_18' title="bbox 166 3110 1321 3201; baseline -0.001 -17"><span class='ocrx_word' id='word_1_158' title='bbox 166 3121 439 3184; x_wconf 61' lang='lat' dir='ltr'><strong>trutinandus</strong></span> <span class='ocrx_word' id='word_1_159' title='bbox 454 3119 577 3201; x_wconf 77' lang='grc' dir='ltr'><em>περιοχή</em></span> <span class='ocrx_word' id='word_1_160' title='bbox 585 3123 625 3201; x_wconf 82' lang='grc'><strong>*).</strong></span> <span class='ocrx_word' id='word_1_161' title='bbox 653 3123 766 3184; x_wconf 87' lang='lat' dir='ltr'><strong>abusus</strong></span> <span class='ocrx_word' id='word_1_162' title='bbox 781 3110 854 3185; x_wconf 82' lang='lat' dir='ltr'><strong>vero</strong></span> <span class='ocrx_word' id='word_1_163' title='bbox 874 3132 921 3182; x_wconf 89' lang='lat' dir='ltr'><strong>est</strong></span> <span class='ocrx_word' id='word_1_164' title='bbox 938 3123 985 3184; x_wconf 89' lang='lat' dir='ltr'><strong>his</strong></span> <span class='ocrx_word' id='word_1_165' title='bbox 1006 3124 1109 3185; x_wconf 88' lang='lat' dir='ltr'><strong>verbis</strong></span> <span class='ocrx_word' id='word_1_166' title='bbox 1126 3125 1321 3186; x_wconf 85' lang='lat' dir='ltr'><strong>Graefenha·</strong></span> 
     </span>
     <span class='ocr_line' id='line_1_19' title="bbox 175 3226 1321 3306; baseline -0.001 -19"><span class='ocrx_word' id='word_1_167' title='bbox 175 3229 245 3287; x_wconf 91' lang='lat' dir='ltr'><strong>nius</strong></span> <span class='ocrx_word' id='word_1_168' title='bbox 256 3227 325 3285; x_wconf 90' lang='lat' dir='ltr'><strong>hist.</strong></span> <span class='ocrx_word' id='word_1_169' title='bbox 334 3227 408 3306; x_wconf 86' lang='lat' dir='ltr'><strong>phil.</strong></span> <span class='ocrx_word' id='word_1_170' title='bbox 422 3236 484 3286; x_wconf 87' lang='lat' dir='ltr'><strong>ant.</strong></span> <span class='ocrx_word' id='word_1_171' title='bbox 495 3229 526 3286; x_wconf 93' lang='lat' dir='ltr'><strong>Il</strong></span> <span class='ocrx_word' id='word_1_172' title='bbox 532 3228 651 3306; x_wconf 70' lang='lat' dir='ltr'><strong>11p.eu‚</strong></span> <span class='ocrx_word' id='word_1_173' title='bbox 666 3246 733 3285; x_wconf 84' lang='lat' dir='ltr'><strong>eum</strong></span> <span class='ocrx_word' id='word_1_174' title='bbox 742 3237 860 3305; x_wconf 89' lang='lat' dir='ltr'><strong>pratum</strong></span> <span class='ocrx_word' id='word_1_175' title='bbox 872 3247 933 3285; x_wconf 91' lang='lat' dir='ltr'><strong>uon</strong></span> <span class='ocrx_word' id='word_1_176' title='bbox 942 3227 1036 3286; x_wconf 86' lang='lat' dir='ltr'><strong>fuisse</strong></span> <span class='ocrx_word' id='word_1_177' title='bbox 1047 3226 1202 3287; x_wconf 87' lang='lat' dir='ltr'><strong>diversum</strong></span> <span class='ocrx_word' id='word_1_178' title='bbox 1210 3226 1321 3287; x_wconf 87' lang='lat' dir='ltr'><strong>librum</strong></span> 
     </span>
     <span class='ocr_line' id='line_1_20' title="bbox 176 3327 1321 3408; baseline -0.001 -19"><span class='ocrx_word' id='word_1_179' title='bbox 176 3328 332 3389; x_wconf 87' lang='lat' dir='ltr'><strong>contendit</strong></span> <span class='ocrx_word' id='word_1_180' title='bbox 354 3327 392 3387; x_wconf 87' lang='lat' dir='ltr'><strong>ab</strong></span> <span class='ocrx_word' id='word_1_181' title='bbox 409 3349 461 3401; x_wconf 87' lang='lat' dir='ltr'><strong>eo,</strong></span> <span class='ocrx_word' id='word_1_182' title='bbox 484 3331 532 3387; x_wconf 87' lang='lat' dir='ltr'><strong>cui</strong></span> <span class='ocrx_word' id='word_1_183' title='bbox 550 3328 714 3388; x_wconf 88' lang='lat' dir='ltr'><strong>Suetonius</strong></span> <span class='ocrx_word' id='word_1_184' title='bbox 738 3333 773 3386; x_wconf 83' lang='lat' dir='ltr'><strong>dc</strong></span> <span class='ocrx_word' id='word_1_185' title='bbox 794 3333 881 3388; x_wconf 82' lang='lat' dir='ltr'><strong>retus</strong></span> <span class='ocrx_word' id='word_1_186' title='bbox 896 3331 987 3387; x_wconf 81' lang='lat' dir='ltr'><strong>uariis</strong></span> <span class='ocrx_word' id='word_1_187' title='bbox 1002 3329 1157 3408; x_wconf 89' lang='lat' dir='ltr'><strong>inscripsit</strong></span> <span class='ocrx_word' id='word_1_188' title='bbox 1173 3330 1321 3408; x_wconf 87' lang='lat' dir='ltr'><strong>cuiusque</strong></span> 
     </span>
     <span class='ocr_line' id='line_1_21' title="bbox 175 3429 1323 3510; baseline -0.001 -20"><span class='ocrx_word' id='word_1_189' title='bbox 175 3432 313 3490; x_wconf 88' lang='lat' dir='ltr'><strong>notitiam</strong></span> <span class='ocrx_word' id='word_1_190' title='bbox 341 3430 481 3490; x_wconf 84' lang='lat' dir='ltr'><strong>Charisio</strong></span> <span class='ocrx_word' id='word_1_191' title='bbox 513 3432 561 3489; x_wconf 82' lang='lat' dir='ltr'><strong>vel</strong></span> <span class='ocrx_word' id='word_1_192' title='bbox 587 3431 687 3510; x_wconf 90' lang='lat' dir='ltr'><strong>potius</strong></span> <span class='ocrx_word' id='word_1_193' title='bbox 712 3430 746 3490; x_wconf 83' lang='lat'><strong>0.</strong></span> <span class='ocrx_word' id='word_1_194' title='bbox 769 3430 847 3489; x_wconf 91' lang='lat' dir='ltr'><strong>Iulio</strong></span> <span class='ocrx_word' id='word_1_195' title='bbox 871 3432 1010 3496; x_wconf 87' lang='lat' dir='ltr'><strong>Romano</strong></span> <span class='ocrx_word' id='word_1_196' title='bbox 1038 3429 1119 3509; x_wconf 87' lang='lat' dir='ltr'><strong>apud</strong></span> <span class='ocrx_word' id='word_1_197' title='bbox 1148 3429 1323 3489; x_wconf 86' lang='lat' dir='ltr'><strong>Charisium</strong></span> 
     </span>
     <span class='ocr_line' id='line_1_22' title="bbox 175 3532 1320 3613; baseline -0.002 -21"><span class='ocrx_word' id='word_1_198' title='bbox 175 3555 205 3613; x_wconf 89' lang='lat' dir='ltr'><strong>p.</strong></span> <span class='ocrx_word' id='word_1_199' title='bbox 221 3542 272 3595; x_wconf 76' lang='lat'><strong>236</strong></span> <span class='ocrx_word' id='word_1_200' title='bbox 288 3532 338 3610; x_wconf 82' lang='lat' dir='ltr'><strong>(cl.</strong></span> <span class='ocrx_word' id='word_1_201' title='bbox 355 3534 463 3610; x_wconf 85' lang='lat' dir='ltr'><strong>fragm.</strong></span> <span class='ocrx_word' id='word_1_202' title='bbox 480 3533 546 3610; x_wconf 75' lang='lat'>205)</span> <span class='ocrx_word' id='word_1_203' title='bbox 562 3533 717 3592; x_wconf 87' lang='lat' dir='ltr'><strong>debemus.</strong></span> <span class='ocrx_word' id='word_1_204' title='bbox 753 3553 822 3591; x_wconf 90' lang='lat' dir='ltr'><strong>nam</strong></span> <span class='ocrx_word' id='word_1_205' title='bbox 837 3553 894 3592; x_wconf 89' lang='lat' dir='ltr'><strong>nec</strong></span> <span class='ocrx_word' id='word_1_206' title='bbox 909 3532 1088 3592; x_wconf 85' lang='lat' dir='ltr'><strong>Suetonium</strong></span> <span class='ocrx_word' id='word_1_207' title='bbox 1104 3541 1261 3611; x_wconf 89' lang='lat' dir='ltr'><strong>pratorum</strong></span> <span class='ocrx_word' id='word_1_208' title='bbox 1276 3533 1320 3591; x_wconf 89' lang='lat' dir='ltr'><strong>in-</strong></span> 
     </span>
     <span class='ocr_line' id='line_1_23' title="bbox 176 3611 1322 3714; baseline -0.001 -20"><span class='ocrx_word' id='word_1_209' title='bbox 176 3636 334 3714; x_wconf 88' lang='lat' dir='ltr'><strong>scriptioni</strong></span> <span class='ocrx_word' id='word_1_210' title='bbox 356 3625 435 3693; x_wconf 81' lang='lat' dir='ltr'><strong>hauc</strong></span> <span class='ocrx_word' id='word_1_211' title='bbox 457 3634 613 3695; x_wconf 86' lang='lat' dir='ltr'><strong>addidisse</strong></span> <span class='ocrx_word' id='word_1_212' title='bbox 629 3611 781 3694; x_wconf 79' lang='lat' dir='ltr'><strong>‘credibile</strong></span> <span class='ocrx_word' id='word_1_213' title='bbox 802 3643 849 3694; x_wconf 90' lang='lat' dir='ltr'><strong>cst</strong></span> <span class='ocrx_word' id='word_1_214' title='bbox 871 3655 929 3692; x_wconf 91' lang='lat' dir='ltr'><strong>nec</strong></span> <span class='ocrx_word' id='word_1_215' title='bbox 955 3636 981 3693; x_wconf 92' lang='lat' dir='ltr'><strong>si</strong></span> <span class='ocrx_word' id='word_1_216' title='bbox 1002 3635 1129 3693; x_wconf 85' lang='lat' dir='ltr'><strong>lecisset</strong></span> <span class='ocrx_word' id='word_1_217' title='bbox 1147 3635 1322 3695; x_wconf 89' lang='lat' dir='ltr'><strong>Romanum</strong></span> 
     </span>
    </p>
   </div>
   <div class='ocr_carea' id='block_1_5' title="bbox 91 3736 1323 3815">
    <p class='ocr_par' dir='ltr' id='par_1_6' title="bbox 91 3736 1323 3815">
     <span class='ocr_line' id='line_1_24' title="bbox 91 3736 1323 3815; baseline -0.002 -17"><span class='ocrx_word' id='word_1_218' title='bbox 91 3795 92 3798; x_wconf 74' lang='grc'>,</span> <span class='ocrx_word' id='word_1_219' title='bbox 176 3738 303 3798; x_wconf 87' lang='lat' dir='ltr'><strong>Suetoni</strong></span> <span class='ocrx_word' id='word_1_220' title='bbox 323 3737 467 3814; x_wconf 90' lang='lat' dir='ltr'><strong>scriptum</strong></span> <span class='ocrx_word' id='word_1_221' title='bbox 489 3737 547 3796; x_wconf 92' lang='lat' dir='ltr'><strong>hoc</strong></span> <span class='ocrx_word' id='word_1_222' title='bbox 563 3738 659 3796; x_wconf 88' lang='lat' dir='ltr'><strong>altero</strong></span> <span class='ocrx_word' id='word_1_223' title='bbox 674 3736 775 3795; x_wconf 89' lang='lat' dir='ltr'><strong>indice</strong></span> <span class='ocrx_word' id='word_1_224' title='bbox 791 3736 980 3812; x_wconf 86' lang='lat' dir='ltr'><strong>significasse</strong></span> <span class='ocrx_word' id='word_1_225' title='bbox 998 3737 1180 3815; x_wconf 87' lang='lat' dir='ltr'><strong>putaverim.</strong></span> <span class='ocrx_word' id='word_1_226' title='bbox 1215 3748 1323 3796; x_wconf 87' lang='lat' dir='ltr'><strong>contra</strong></span> 
     </span>
    </p>
   </div>
   <div class='ocr_carea' id='block_1_6' title="bbox 154 3836 1325 4116">
    <p class='ocr_par' dir='ltr' id='par_1_7' title="bbox 154 3836 1325 4116">
     <span class='ocr_line' id='line_1_25' title="bbox 175 3836 1322 3917; baseline 0.003 -19"><span class='ocrx_word' id='word_1_227' title='bbox 175 3841 240 3898; x_wconf 89' lang='lat' dir='ltr'><strong>iuro</strong></span> <span class='ocrx_word' id='word_1_228' title='bbox 256 3838 424 3914; x_wconf 85' lang='lat' dir='ltr'><strong>Regentius</strong></span> <span class='ocrx_word' id='word_1_229' title='bbox 441 3836 479 3896; x_wconf 94' lang='lat' dir='ltr'><strong>de</strong></span> <span class='ocrx_word' id='word_1_230' title='bbox 492 3840 557 3898; x_wconf 86' lang='lat' dir='ltr'><strong>vitu</strong></span> <span class='ocrx_word' id='word_1_231' title='bbox 574 3847 604 3897; x_wconf 92' lang='lat' dir='ltr'><strong>et</strong></span> <span class='ocrx_word' id='word_1_232' title='bbox 619 3839 739 3916; x_wconf 87' lang='lat' dir='ltr'><strong>scriptis</strong></span> <span class='ocrx_word' id='word_1_233' title='bbox 754 3838 881 3897; x_wconf 86' lang='lat' dir='ltr'><strong>Suetoui</strong></span> <span class='ocrx_word' id='word_1_234' title='bbox 895 3859 925 3917; x_wconf 90' lang='lat' dir='ltr'><strong>p.</strong></span> <span class='ocrx_word' id='word_1_235' title='bbox 938 3847 973 3900; x_wconf 76' lang='lat'><strong>24</strong></span> <span class='ocrx_word' id='word_1_236' title='bbox 985 3837 1068 3897; x_wconf 87' lang='lat' dir='ltr'><strong>Gelli</strong></span> <span class='ocrx_word' id='word_1_237' title='bbox 1080 3836 1178 3896; x_wconf 81' lang='lat' dir='ltr'><strong>verbo</strong></span> <span class='ocrx_word' id='word_1_238' title='bbox 1192 3839 1322 3917; x_wconf 71' lang='lat' dir='ltr'><strong>praeit</strong></span> 
     </span>
     <span class='ocr_line' id='line_1_26' title="bbox 176 3937 1323 4016; baseline -0.001 -18"><span class='ocrx_word' id='word_1_239' title='bbox 176 3941 215 3998; x_wconf 83' lang='lat' dir='ltr'><strong>ad</strong></span> <span class='ocrx_word' id='word_1_240' title='bbox 232 3937 464 3998; x_wconf 88' lang='lat' dir='ltr'><strong>describendum</strong></span> <span class='ocrx_word' id='word_1_241' title='bbox 479 3947 599 4016; x_wconf 87' lang='lat' dir='ltr'><strong>protum</strong></span> <span class='ocrx_word' id='word_1_242' title='bbox 615 3939 730 3999; x_wconf 84' lang='lat' dir='ltr'><strong>adfert:</strong></span> <span class='ocrx_word' id='word_1_243' title='bbox 761 3959 827 3998; x_wconf 75' lang='lat' dir='ltr'><strong>nont</strong></span> <span class='ocrx_word' id='word_1_244' title='bbox 846 3945 914 4012; x_wconf 79' lang='lat' dir='ltr'><strong>quio</strong></span> <span class='ocrx_word' id='word_1_245' title='bbox 938 3945 1051 3998; x_wconf 79' lang='lat' dir='ltr'><strong>uariam</strong></span> <span class='ocrx_word' id='word_1_246' title='bbox 1076 3947 1104 3996; x_wconf 87' lang='lat' dir='ltr'><strong>et</strong></span> <span class='ocrx_word' id='word_1_247' title='bbox 1122 3943 1279 3998; x_wconf 81' lang='lat' dir='ltr'><strong>miscellam</strong></span> <span class='ocrx_word' id='word_1_248' title='bbox 1294 3951 1323 3997; x_wconf 85' lang='lat' dir='ltr'><strong>ct</strong></span> 
     </span>
     <span class='ocr_line' id='line_1_27' title="bbox 154 4040 1325 4116; baseline 0 -17"><span class='ocrx_word' id='word_1_249' title='bbox 154 4046 261 4116; x_wconf 56' lang='lat' dir='ltr'><strong>,precisi</strong></span> <span class='ocrx_word' id='word_1_250' title='bbox 282 4040 491 4111; x_wconf 72' lang='lat' dir='ltr'><strong>coresusuncom</strong></span> <span class='ocrx_word' id='word_1_251' title='bbox 515 4044 675 4099; x_wconf 80' lang='lat' dir='ltr'><strong>doctrinam</strong></span> <span class='ocrx_word' id='word_1_252' title='bbox 698 4046 947 4115; x_wconf 83' lang='lat' dir='ltr'><strong>conquisiuerunt,</strong></span> <span class='ocrx_word' id='word_1_253' title='bbox 970 4058 1003 4099; x_wconf 90' lang='lat' dir='ltr'><strong>eo</strong></span> <span class='ocrx_word' id='word_1_254' title='bbox 1030 4044 1126 4099; x_wconf 82' lang='lat' dir='ltr'><strong>titulos</strong></span> <span class='ocrx_word' id='word_1_255' title='bbox 1147 4060 1262 4115; x_wconf 83' lang='lat' dir='ltr'><strong>quoquc</strong></span> <span class='ocrx_word' id='word_1_256' title='bbox 1284 4047 1325 4100; x_wconf 79' lang='lat' dir='ltr'><strong>od</strong></span> 
     </span>
    </p>
   </div>
   <div class='ocr_carea' id='block_1_7' title="bbox 175 4205 1322 4440">
    <p class='ocr_par' dir='ltr' id='par_1_8' title="bbox 175 4205 1322 4440">
     <span class='ocr_line' id='line_1_28' title="bbox 243 4205 1322 4273; baseline 0.003 -18"><span class='ocrx_word' id='word_1_257' title='bbox 243 4205 268 4269; x_wconf 70' lang='lat' dir='ltr'><strong>*l</strong></span> <span class='ocrx_word' id='word_1_258' title='bbox 287 4207 391 4256; x_wconf 81' lang='lat' dir='ltr'><strong>Eadem</strong></span> <span class='ocrx_word' id='word_1_259' title='bbox 411 4206 486 4256; x_wconf 91' lang='lat' dir='ltr'><strong>tituli</strong></span> <span class='ocrx_word' id='word_1_260' title='bbox 505 4207 660 4258; x_wconf 80' lang='lat' dir='ltr'><strong>festivitate</strong></span> <span class='ocrx_word' id='word_1_261' title='bbox 679 4208 791 4267; x_wconf 85' lang='lat' dir='ltr'><strong>Cicero,</strong></span> <span class='ocrx_word' id='word_1_262' title='bbox 811 4224 890 4273; x_wconf 87' lang='lat' dir='ltr'><strong>quem</strong></span> <span class='ocrx_word' id='word_1_263' title='bbox 913 4209 1037 4259; x_wconf 84' lang='lat' dir='ltr'><strong>Marcum</strong></span> <span class='ocrx_word' id='word_1_264' title='bbox 1056 4223 1118 4256; x_wconf 86' lang='lat' dir='ltr'><strong>esec</strong></span> <span class='ocrx_word' id='word_1_265' title='bbox 1136 4223 1193 4256; x_wconf 93' lang='lat' dir='ltr'><strong>non</strong></span> <span class='ocrx_word' id='word_1_266' title='bbox 1217 4214 1322 4258; x_wconf 87' lang='lat' dir='ltr'><strong>certum</strong></span> 
     </span>
     <span class='ocr_line' id='line_1_29' title="bbox 175 4290 1321 4357; baseline 0.002 -17"><span class='ocrx_word' id='word_1_267' title='bbox 175 4295 253 4355; x_wconf 85' lang='lat' dir='ltr'><strong>puto.</strong></span> <span class='ocrx_word' id='word_1_268' title='bbox 273 4293 296 4340; x_wconf 87' lang='lat' dir='ltr'><strong>si</strong></span> <span class='ocrx_word' id='word_1_269' title='bbox 315 4290 383 4341; x_wconf 84' lang='lat' dir='ltr'><strong>fides</strong></span> <span class='ocrx_word' id='word_1_270' title='bbox 401 4297 444 4340; x_wconf 89' lang='lat' dir='ltr'><strong>est</strong></span> <span class='ocrx_word' id='word_1_271' title='bbox 462 4292 592 4341; x_wconf 86' lang='lat' dir='ltr'><strong>Suetonio</strong></span> <span class='ocrx_word' id='word_1_272' title='bbox 611 4293 640 4341; x_wconf 90' lang='lat' dir='ltr'><strong>in</strong></span> <span class='ocrx_word' id='word_1_273' title='bbox 657 4293 716 4342; x_wconf 85' lang='lat' dir='ltr'><strong>vite</strong></span> <span class='ocrx_word' id='word_1_274' title='bbox 735 4294 848 4351; x_wconf 84' lang='lat' dir='ltr'><strong>Terenti</strong></span> <span class='ocrx_word' id='word_1_275' title='bbox 866 4310 892 4357; x_wconf 91' lang='lat' dir='ltr'><strong>p.</strong></span> <span class='ocrx_word' id='word_1_276' title='bbox 911 4291 971 4356; x_wconf 77' lang='lat' dir='ltr'><strong>34‚l</strong></span> <span class='ocrx_word' id='word_1_277' title='bbox 990 4307 1101 4343; x_wconf 84' lang='lat' dir='ltr'><strong>carmen</strong></span> <span class='ocrx_word' id='word_1_278' title='bbox 1114 4292 1261 4343; x_wconf 84' lang='lat' dir='ltr'><strong>Limonum</strong></span> <span class='ocrx_word' id='word_1_279' title='bbox 1281 4294 1321 4342; x_wconf 90' lang='lat' dir='ltr'><strong>in·</strong></span> 
     </span>
     <span class='ocr_line' id='line_1_30' title="bbox 175 4376 295 4440; baseline 0.017 -18"><span class='ocrx_word' id='word_1_280' title='bbox 175 4376 295 4440; x_wconf 83' lang='lat' dir='ltr'><strong>scripsit.</strong></span> 
     </span>
    </p>
   </div>
   <div class='ocr_carea' id='block_1_8' title="bbox 0 0 1486 5002">
    <p class='ocr_par' dir='ltr' id='par_1_9' title="bbox 0 0 1486 5002">
     <span class='ocr_line' id='line_1_31' title="bbox 0 0 1486 5002; baseline 0 0"><span class='ocrx_word' id='word_1_281' title='bbox 0 0 1486 5002; x_wconf 95' lang='lat' dir='ltr'><strong> </strong></span> 
     </span>
    </p>
   </div>
  </div>
 </body>
</html>
