2964 5002
617 381 761 447 arnicas
784 382 940 424 merolus
1044 351 1046 354 ‚
1281 374 1342 435 333

191 528 413 593 contentione.
453 528 554 615 igitur
573 528 610 592 in
632 526 767 591 Etruria
787 528 874 591 inter
894 537 1021 592 eeteros
1040 530 1123 594 ritus
1141 534 1344 618 superstitio·

191 650 265 693 num
289 650 431 695 suarum
453 630 640 718 spectacula
662 650 791 714 quoque
813 629 1134 713 religionis-nomine
1158 634 1342 698 instituunt.

192 729 267 795 inde
289 730 437 797 Romani
461 731 635 795 arcessitos
665 728 807 793 artifices
829 737 1020 793 mutuantur
1046 740 1174 817 tempus
1196 741 1343 797 anuntia-

192 833 332 914 tiouem,
360 840 398 896 ut
423 830 495 897 ludi
522 830 670 918 alaydis
692 840 900 893 uocarentur.
947 828 1005 894 scd
1031 834 1093 894 etsi
1117 833 1220 897 Varro
1249 835 1343 900 ludos

174 952 213 996 sa
235 933 315 997 ludo
337 933 375 997 id
398 943 449 998 ast
475 954 496 996 a
517 932 592 997 lusu
615 935 862 1018 interpretatur.
891 933 977 995 siout
996 942 1028 996 ot
1049 932 1217 1018 Lupercos
1236 935 1343 1000 ludios

192 1032 423 1121 appellabant,
444 1034 531 1121 qnod
552 1033 697 1097 ludendo
718 1032 921 1114 discurrant,
944 1047 1056 1096 tannen
1078 1055 1152 1097 oum
1174 1035 1279 1099 lusum
1297 1038 1344 1101 iu·

193 1156 313 1200 uenum
348 1144 382 1199 et
415 1135 532 1201 diebus
559 1135 655 1201 sestis
685 1142 718 1198 et
741 1134 873 1220 templis
902 1144 936 1197 et
962 1135 1178 1219 religionibus
1205 1148 1342 1222 reputat.

193 1236 275 1301 nihil
298 1238 366 1301 ism
390 1236 552 1301 decanea
573 1234 742 1315 uocabuli,
773 1234 849 1297 dum
872 1236 919 1298 rei
948 1257 1049 1299 oausa
1076 1237 1261 1301 idololatria
1288 1241 1343 1302 sit.

193 1360 268 1403 nam
292 1346 327 1402 et
349 1359 424 1401 cum
445 1339 631 1424 promiscuo
656 1336 726 1399 ludi
751 1335 919 1399 Liberalia
948 1347 1161 1419 uocarentur,
1188 1339 1343 1404 honorem

165 1438 308 1505 aLibari
338 1440 443 1526 patris
470 1437 644 1501 manifeste
675 1436 847 1501 sonabant.
895 1436 1015 1503 Libero
1043 1441 1129 1501 enim
1162 1461 1183 1502 a
1211 1444 1343 1505 rusticis

192 1543 298 1628 primo
318 1540 445 1606 dobant
462 1539 504 1605 ob
523 1537 717 1603 beneficium
740 1537 827 1624 quod
851 1538 881 1602 ei
904 1538 1096 1603 adscribunt
1123 1540 1345 1606 demonstrata

193 1644 303 1730 gratia
322 1642 412 1707 uini.
462 1639 584 1705 exinde
612 1639 681 1703 ludi
710 1639 891 1704 Consualia
917 1638 997 1703 dicti
1026 1641 1082 1727 qui
1105 1642 1197 1704 initio
1221 1639 1343 1726 Neptu·

194 1766 271 1809 num
292 1742 511 1810 honorabant.
554 1742 694 1806 eundem
717 1742 805 1806 enim
827 1750 859 1805 et
882 1740 1027 1806 Consum
1048 1753 1178 1807 uocant.
1225 1744 1344 1809 dehinc

194 1846 335 1933 Equiria
357 1844 458 1909 Marti
481 1842 639 1908 Romulus
669 1843 769 1923 dixit,
800 1864 995 1931 quamquam
1026 1843 1082 1906 alii
1111 1854 1143 1907 et
1166 1846 1344 1909 Consualia

165 1946 337 2011 uliomulo
359 1944 557 2026 defendunt,
587 1944 674 2031 quod
703 1966 743 2009 ea
766 1943 876 2010 Conso
903 1945 1063 2009 dieauorit
1090 1945 1151 2010 deo
1172 1956 1209 2009 ut
1230 1947 1345 2011 crolunt

194 2048 342 2130 consilii,
365 2046 439 2113 eius
461 2046 587 2111 seilicet
605 2068 669 2133 quo
691 2056 769 2111 tune
791 2047 986 2111 Sabinarum
1007 2047 1172 2132 uirginum
1193 2050 1343 2135 rapinam

195 2148 356 2215 militibus
378 2148 447 2213 suis
466 2148 500 2213 in
521 2147 728 2211 rnatrimonia
748 2150 958 2234 excogitauit.
998 2158 1030 2213 et
1052 2171 1138 2213 nunc
1162 2172 1220 2214 ara
1235 2151 1344 2217 Conso

194 2249 242 2315 illi
263 2252 299 2316 in
320 2250 410 2315 circo
436 2247 570 2314 defossa
592 2249 706 2313 estad
728 2250 850 2335 primas
871 2259 974 2312 metas
1000 2247 1062 2312 sub
1090 2260 1178 2312 terra
1200 2274 1273 2314 oum
1295 2254 1344 2316 iu·

195 2353 374 2441 scriptione
395 2350 572 2415 eiusmodi:
609 2364 741 2414 cousus
765 2366 929 2414 corruere
952 2366 1044 2413 unas
1069 2366 1211 2413 ursano
1230 2367 1342 2417 naurs

164 2468 327 2517 acorum
347 2466 539 2515 soritarum
591 2451 778 2516 sacrificant
798 2451 886 2537 apud
910 2472 980 2515 eam
1001 2452 1096 2513 nonis
1120 2450 1214 2513 Iuliis
1237 2474 1343 2517 sucer-

196 2592 333 2657 origosie
350 2590 477 2641 truditur.
505 2591 618 2655 Lydos
694 2591 920 2656 excogitauit.
956 2590 1070 2654 prolnnn
1093 2589 1176 2653 plano
1198 2589 1342 2641 consilium

197 2668 224 2710 et
241 2675 315 2709 nune
334 2673 443 2723 qrroque
466 2658 539 2708 iuter
556 2660 630 2723 ipsos
649 2661 787 2708 Homanos
810 2660 910 2707 iustum
930 2658 1089 2717 ethelhun,
1109 2674 1142 2706 nc
1162 2657 1274 2705 ‹lixcrim
1294 2675 1341 2722 pe-

197 2742 245 2777 nes
262 2728 355 2777 deum.
392 2726 464 2775 feeit
481 2726 553 2776 enim
573 2731 601 2775 et
617 2727 669 2775 hoe
690 2727 724 2775 acl
742 2727 856 2788 originis
875 2726 1019 2783 acuculam.
1039 2742 1073 2775 rie
1088 2727 1186 2774 bonrun
1202 2724 1343 2775 existimes

197 2795 267 2861 qnod
283 2794 396 2845 initium
419 2810 437 2843 a
454 2794 527 2843 uralo
551 2796 662 2859 aceepit
685 2795 719 2843 ab
738 2795 907 2858 impudentia
927 2812 944 2844 a
961 2794 1096 2844 uiolentia
1115 2795 1150 2843 ab
1168 2793 1231 2842 odio
1250 2809 1267 2843 s
1286 2794 1341 2843 ira·

197 2946 258 2980 nam
277 2929 458 2993 etrobiginis
469 2930 549 2979 deam
562 2930 699 2978 finxerunt
710 2956 743 2963 -
756 2928 879 2979 dehine
894 2965 900 2978 .
915 2966 921 2978 .
936 2966 942 2979 .
957 2932 1104 2993 acecpit.
1141 2931 1190 2980 sod
1209 2930 1279 2978 haec
1296 2946 1340 2980 sa-

197 3000 232 3048 tis
254 3002 337 3047 errrnt
360 2997 396 3045 ad
420 2997 533 3062 originis
557 2998 590 3046 de
619 2997 748 3045 idolatria
772 2996 899 3047 reatum!
924 3025 953 3032 --
997 2998 1153 3060 Hesychius
1175 3000 1202 3048 H
1226 3015 1252 3062 p.
1276 2997 1340 3048 506:

198 3062 289 3117 Λυδοὶ
306 3050 389 3114 οὗτοι
408 3058 459 3122 τὰς
477 3059 550 3122 θέας
569 3055 666 3127 εὑρεῖν
684 3060 824 3128 λέγονται,
844 3058 917 3115 ὅθεν
935 3061 984 3114 sal
994 3057 1125 3129 Ῥωμαῖοι
1144 3062 1267 3124 lucidare
1285 3081 1341 3131 φα-

199 3130 251 3183 clv.
270 3159 305 3171 -
340 3132 430 3182 Varro
447 3133 479 3182 1..
493 3135 525 3182 1..
543 3133 581 3181 VI
599 3132 645 3180 ²0:
666 3133 827 3182 ‘Consualia
845 3134 920 3182 dicta
940 3149 956 3182 a
969 3133 1067 3194 (lorrso,
1088 3134 1158 3196 quod
1177 3140 1232 3183 tum
1252 3135 1341 3185 ferias

199 3201 326 3267 publicae
350 3198 378 3249 ei
399 3200 452 3250 deo
471 3207 499 3250 et
517 3200 544 3250 in
563 3202 638 3249 eiro'o
657 3201 693 3249 ad
711 3216 788 3249 nram
807 3202 866 3250 eius
885 3202 919 3249 ab
938 3202 1129 3250 sacerdotibus
1148 3201 1204 3250 ludi
1223 3201 1263 3251 illi
1282 3204 1341 3267 qui-

200 3270 248 3319 bns
265 3270 391 3333 uirgines
408 3269 531 3318 Sabinae
554 3265 648 3333 rapti)
682 3268 786 3317 Paulus
805 3269 881 3318 Festi
899 3285 925 3334 p.
944 3268 989 3316 ‹H:
1016 3268 1175 3318 'Consualia
1193 3269 1249 3318 ludi
1267 3270 1341 3319 dioe-

200 3336 311 3398 bantur,
335 3350 403 3401 quos
425 3336 454 3385 iu
476 3336 607 3386 honorem
630 3335 714 3385 Consi
737 3337 895 3398 farciebant,
925 3352 1003 3400 (priam
1028 3336 1107 3384 (lenm
1131 3337 1239 3386 corrsilii
1264 3344 1343 3402 puta·

199 3472 268 3522 ludis
286 3476 399 3521 eumrnt
416 3473 445 3520 in
463 3472 565 3521 Martio
585 3470 701 3536 carrrpo)
730 3471 832 3521 l'auius
850 3474 927 3522 Fasti
946 3488 972 3536 p.
991 3471 1038 3520 til:
1057 3473 1182 3536 ‘ltqniria
1200 3472 1256 3521 ludi
1276 3488 1343 3536 quos

201 3539 329 3589 &multus
344 3540 430 3589 Horti
448 3539 566 3588 instituit
588 3554 637 3603 per
656 3554 785 3603 cqrrornm
804 3555 920 3595 cursum.
940 3540 985 3604 qni
1004 3541 1031 3588 in
1045 3541 1253 3604 corrmpohlartio
1266 3557 1343 3591 exer-

200 3605 352 3657 cebantur)
371 3634 404 3642 -
439 3606 550 3657 Servius
568 3609 636 3656 Aen.
656 3608 722 3657 Vlll
739 3608 803 3658 oso:
823 3610 930 3673 ‘raptae
950 3614 1040 3656 caulem
1059 3609 1180 3657 Sabinae
1200 3608 1343 3659 Consuali-

200 3674 248 3724 bus
270 3675 324 3724 hoo
347 3680 391 3725 est
412 3690 508 3724 menso
526 3676 635 3725 Martio.
672 3675 779 3725 Consus
805 3683 896 3724 autem
920 3684 964 3723 ost
987 3676 1054 3724 uem
1077 3677 1266 3737 corrsiliorum‚
1297 3678 1343 3740 qni

201 3742 260 3792 ideo
283 3741 416 3807 ternplum
440 3744 489 3792 sub
508 3749 583 3791 tecto
600 3744 628 3790 in
648 3744 722 3792 circo
739 3744 835 3803 habet,
853 3749 883 3791 ut
901 3745 1062 3792 ostendatur
1086 3750 1189 3793 tectum
1214 3760 1276 3793 esse
1295 3746 1341 3793 ‹ls-

200 3808 264 3859 hore
283 3808 438 3859 eonsilium.
474 3812 527 3860 iste
546 3811 652 3860 (lausus
676 3817 704 3859 et
728 3814 861 3875 ‹oqrrestris
880 3812 1021 3875 Neptunus
1039 3811 1148 3868 dicitur.
1167 3813 1238 3860 unde
1257 3813 1342 3861 etiam

200 3876 225 3925 in
243 3880 304 3927 eius
322 3876 453 3928 honorem
472 3880 611 3928 circenses
629 3877 825 3928 (celebrantur)
861 3880 1045 3942 Hieronymus
1063 3880 1122 3928 vita
1140 3880 1291 3929 Hilarionis
1309 3880 1343 3927 ⁸20

200 3949 263 3994 tom.
281 3944 310 3994 11
328 3962 355 4009 p.
375 3946 408 3993 22
427 3947 513 3995 Vah:
537 3946 613 3995 ‘Hoc
637 3947 770 4010 siquidem
794 3949 822 3994 in
842 3948 974 3995 Humanis
997 3947 1110 3996 urbibus
1129 3948 1184 3996 iam
1203 3947 1266 3994 inde
1285 3962 1341 3995 ser·

200 4012 317 4063 uebatur
341 4029 359 4063 a
375 4013 506 4076 Romulo,
529 4022 560 4063 ut
581 4022 694 4079 propter
716 4014 826 4063 felicem
845 4015 1011 4064 Sabinarum
1028 4024 1135 4079 raptum
1155 4014 1244 4063 Conso
1263 4015 1342 4076 ‹pcraai

200 4080 375 4131 consiliorum
399 4080 451 4131 deo
470 4082 620 4146 quadrigae
645 4087 760 4146 septeno
785 4090 909 4145 currant,
930 4082 1072 4133 circumitu
1096 4090 1125 4133 et
1147 4096 1232 4145 equos
1254 4083 1342 4144 partis
1374 4134 1378 4141 ,

281 4230 299 4281 ⁸2
319 4217 448 4299 specula
464 4221 489 4276 A
504 4213 518 4299 ΙΙ
532 4227 550 4280 4
562 4218 677 4297 lulydis
699 4222 744 4275 Ab
759 4216 823 4277 ludi
840 4217 925 4297 lydis
941 4222 992 4277 Aa
1007 4214 1020 4299 Η
1035 4231 1051 4281 5
1067 4217 1168 4276 ludios
1185 4219 1343 4275 Oohlcrus:

201 4303 287 4365 ludos
298 4312 323 4363 A
338 4302 352 4385 ΙΙ
367 4304 584 4381 llpromiscuae
600 4309 623 4360 A
637 4298 651 4385 ΙΙ
669 4314 695 4364 11
713 4300 913 4361 demonstrati
927 4307 1072 4377 Ripolu'us
1085 4299 1099 4382 ΙΙ
1117 4311 1149 4362 li
1159 4300 1246 4380 queis
1255 4300 1341 4359 initio

202 4393 250 4449 Fr.
266 4394 368 4448 locarius
388 4385 403 4469 ΙΙ
427 4399 458 4449 ll
474 4390 592 4447 oecrrria
609 4391 678 4467 quis
697 4394 721 4445 A
742 4384 756 4469 Η
777 4389 829 4446 alii
847 4408 902 4446 om.
921 4394 946 4446 A
953 4409 971 4445 a
986 4384 1000 4469 ΙΙ
1018 4400 1049 4450 tu
1064 4388 1133 4444 dem
1150 4408 1218 4445 ross
1238 4395 1285 4443 est
1299 4386 1341 4446 At
