2964 5002
184 359 224 421 86
553 378 595 418 ou
617 375 704 418 unus
727 376 940 418 mnvsrumvs

723 529 772 588 XI

98 617 173 688 68*
205 661 212 668 ,
267 643 369 690 (salvs
386 640 522 689 Amulvs
545 641 679 689 GALLVS
696 634 804 690 orator
817 625 913 689 Asini
932 624 1088 689 Pollionis
1107 625 1208 703 filius,
1226 628 1317 689 euius

182 731 278 793 etiam
305 726 471 812 Vergilius
497 728 661 812 meminit,
693 727 773 792 diris
801 727 977 792 eTiberio
1007 726 1176 816 suppliciis
1205 749 1318 791 eneca-

181 839 234 894 tur
257 835 331 904 (λα.
358 837 439 909 767).
580 831 583 836 ’
668 851 674 884 ι

182 971 209 1018 in
234 962 350 1018 ora'toris
374 967 514 1017 cuiusdam
538 970 596 1018 vita
619 969 691 1018 hane
715 968 859 1018 celebrem¹
875 969 1012 1018 actionem
1036 974 1183 1019 narrasset.
1221 969 1319 1018 hocin

181 1035 292 1087 Haterii
313 1037 372 1086 vita
391 1036 494 1086 factum
508 1051 580 1096 esse,
601 1041 704 1087 eertum
723 1054 812 1102 paene
830 1043 910 1102 puto,
939 1037 1008 1102 qued
1028 1038 1056 1086 in
1075 1053 1160 1087 causa
1180 1044 1265 1098 esset,
1290 1043 1320 1087 nt

182 1106 286 1156 Hieron
333 1119 365 1153 us
382 1103 446 1154 huie
465 1104 518 1169 ipsi
542 1120 612 1156 anne
637 1104 760 1155 inlustris
777 1106 930 1155 senectutis
953 1106 1111 1155 memoriam
1136 1106 1295 1169 adponeret.

268 1168 282 1223 6
307 1170 522 1236 *Hieronymus
545 1172 588 1221 Ol.
619 1171 681 1231 198,
704 1173 729 1222 ⁶2.
771 1172 877 1223 Seneca
906 1188 963 1222 exc.
995 1178 1117 1223 controv.
1145 1173 1203 1234 1111
1230 1173 1317 1239 prael.

183 1258 208 1307 p.
222 1239 285 1304 376,
305 1239 398 1290 9-28.
412 1267 445 1275 -
457 1241 568 1290 Servius
582 1240 633 1290 ecl.
653 1239 765 1290 111111:
786 1241 905 1306 ‘quidam
918 1240 1076 1291 Saloninum
1088 1241 1223 1290 Pollionis
1236 1240 1319 1290 lilium

148 1320 151 1325 ’
183 1309 333 1375 accipiunt.
369 1308 419 1358 alii
436 1308 560 1358 Asinium
584 1307 691 1358 Gallum
715 1309 828 1358 fratrem
847 1309 984 1371 Salonini,
1010 1310 1057 1374 qni
1078 1310 1153 1374 prius
1171 1314 1255 1359 natus
1278 1314 1320 1359 est

181 1375 307 1427 Pollione
326 1376 437 1426 consule
456 1376 610 1442 designato.
646 1377 779 1426 Asconius
797 1378 935 1426 Pedianus
961 1392 977 1425 a
996 1375 1076 1426 Gallo
1101 1377 1210 1426 audisse
1230 1392 1260 1426 se
1278 1393 1320 1426 rc-

184 1445 250 1508 fert,
275 1445 346 1493 hanc
371 1444 431 1494 eolo
453 1460 495 1492 aur
514 1445 543 1493 in
565 1444 694 1494 honorem
713 1446 772 1493 eius
791 1442 914 1494 factam)
934 1471 965 1478 -
984 1443 1097 1494 Cassius
1115 1445 1168 1494 Dio
1186 1444 1234 1506 57,
1253 1443 1320 1505 λλ

183 1513 245 1561 -72
266 1506 363 1562 ἔπειτα
383 1505 415 1561 δὲ
433 1461 591 1576 ήΤιβύριος)
610 1505 765 1569 κοινωνούς
788 1506 818 1562 τέ
836 1527 916 1570 τινας
933 1508 983 1562 ιιαλ
1007 1502 1215 1577 συνοῖρχοντας,
1241 1499 1319 1562 ούτοι

182 1595 213 1645 γε
231 1577 280 1630 ιιαλ
297 1572 413 1629 πάντων
430 1572 570 1642 καθάπαξ
582 1573 674 1644 ὥσπερ
693 1571 724 1630 ἐν
742 1571 905 1646 ὀλιγαρχίᾳ,
923 1569 989 1630 αλλ’
1008 1571 1036 1638 ἐς
1054 1579 1118 1643 τριά
1135 1575 1208 1645 με’ρη
1228 1574 1319 1646 νέμων

183 1637 287 1727 αύτήν,
306 1637 379 1725 ᾔτεχ,
399 1643 448 1698 καλ
466 1641 498 1697 τὸ
515 1641 569 1713 μὲν
587 1638 672 1707 αύτὸς
691 1642 766 1730 ἐχειν
783 1640 881 1714 ήξίοο,
906 1647 961 1697 τῶν
980 1640 1012 1697 (ll
1031 1638 1133 1727 ἕτέμων
1151 1637 1249 1705 ἄλλοις
1267 1663 1318 1697 πα-

183 1730 307 1781 ρεχωρει.
343 1732 380 1780 ην
399 1707 431 1764 δλ
448 1714 537 1765 ταῦτα
559 1709 592 1766 ’ἓν
614 1709 706 1783 μλνη
725 1732 755 1766 τε
769 1710 858 1781 Ῥιύμη
878 1712 926 1766 ιιαλ
950 1707 1057 1781 ήύλλη
1078 1714 1194 1778 Ιταλία,
1223 1710 1267 1765 ’ἔτε
1287 1731 1320 1766 ον

184 1778 215 1834 δὲ
239 1778 272 1833 tol
292 1775 469 1847 erectaerecta
492 1786 541 1834 καῖ
566 1777 662 1847 ἕτερον
684 1777 714 1835 ολ
736 1780 830 1835 λοιπολ
856 1775 988 1850 ύπήιιοοι.
1024 1775 1061 1841 ως
1080 1771 1132 1833 οὖν
1150 1775 1238 1841 πολύς
1261 1732 1320 1833 lvi-

183 1867 272 1912 ιιειτο,
293 1844 322 1900 ολ
337 1844 391 1916 μὲν
408 1843 488 1900 ἄλλοι
507 1848 556 1902 ιιαλ
574 1840 611 1909 ὃς
629 1842 781 1917 α’ντέλεγον
805 1850 898 1918 δῆθεν
922 1848 970 1901 καλ
995 1843 1110 1902 ἐδέοντο
1134 1842 1225 1900 αύτού
1247 1833 1336 1901 παν.

137 1951 143 1963 ·
183 1935 239 1969 των
267 1907 381 1983 ολρχειν,
410 1909 524 1976 Ἀσίνιος
552 1913 584 1971 δὲ
609 1915 644 1999 δή
670 1913 777 2001 Γύλλοχ
800 1936 875 1984 παρρ
897 1919 944 1986 σίᾳ
967 1910 1017 1970 αἐί
1039 1934 1107 1968 ποτε
1131 1911 1247 1984 πατρῴᾳ
1269 1914 1317 1968 ιιαλ

182 1979 254 2068 ὑπὲρ
272 1982 304 2036 τὸ
322 1980 468 2051 συμφέρον
486 1977 564 2052 αύτῷ
599 2003 723 2054 ρωμευος
738 1979 863 2050 “ελού”,
877 1937 955 2068 ἐφη,
972 1975 1032 2053 “riv
1050 1975 1087 2036 ἆν
1106 1978 1243 2063 ἐθελήσης
1254 1988 1315 2051 μοῖ·

184 2070 262 2119 ραν.
303 2050 353 2103 ιιαλ
373 2048 504 2119 Τιβέριος
523 2045 538 2067 “
548 2004 597 2105 καλ
621 2054 678 2114 πῶς
703 2048 766 2106 ολύν
788 2049 818 2106 σε’
841 2046 946 2117 ἐστιν’,
971 2047 1047 2116 elne,
1070 2046 1147 2104 “triv
1165 2045 1251 2105 αύτον
1267 2048 1316 2103 καλ

184 2119 281 2187 νέμειν
299 2139 324 2171 τι
343 2117 392 2172 καλ
410 2113 589 2186 alerenen?
624 2120 718 2181 συνελς
736 2109 789 2174 οὖν
814 2114 956 2181 ὁΓάλλος
980 2115 1011 2173 ἐν
1036 2111 1169 2188 ᾦιιακού
1185 2113 1321 2188 ἐγεγόνει,

183 2189 222 2240 roi
239 2183 292 2256 μὲν
310 2182 382 2254 λόγῳ
401 2181 596 2271 ἐθεράπευσεν
614 2181 715 2251 αύτύν,
740 2183 893 2253 ύπολαβολν
911 2182 953 2241 ὅτι
972 2181 1024 2256 ούχ
1041 2182 1079 2248 οἱς
1097 2189 1146 2240 καλ
1163 2183 1200 2259 ιτύ
1222 2187 1317 2269 τρίτον

184 2241 297 2320 λέοντός
315 2272 377 2315 σου,
402 2247 453 2308 οἷλλ
484 2250 521 2316 ὦς
539 2249 686 2310 οἷὸύνατον
704 2253 737 2311 ὂν
758 2253 811 2326 τήν
828 2251 920 2326 α’ρχήν
944 2257 1147 2338 διαιρεθῆναι,
1170 2256 1254 2309 τούτο
1276 2269 1319 2309 ιιι

183 2320 348 2390 προέτεινα,
368 2316 403 2376 ού
419 2320 516 2392 μέντοι
535 2324 584 2378 ιιαλ
603 2327 641 2396 τῷ
660 2321 731 2393 ἐργῳ
750 2319 951 2390 ἐτιθολοευσεν,
969 2317 1041 2377 α’λλολ
1060 2327 1150 2377 πολλα
1168 2322 1217 2376 ιιαλ
1237 2317 1319 2376 δεινοὶ

184 2387 345 2475 προπαθών
368 2387 439 2463 μετα
463 2393 553 2445 ταῦτα
576 2387 739 2462 α’πεσφύγη.
785 2392 834 2446 καλ
858 2389 912 2460 γολρ
935 2391 985 2445 nul
1007 2388 1060 2461 τήν
1082 2395 1205 2459 γυναῖκα
1230 2383 1321 2467 αήτού

184 2480 237 2528 την
254 2457 396 2527 προτέραν
409 2453 592 2528 ἐγεγαμήκει,
615 2456 665 2513 τόν
683 2480 712 2515 τε
727 2463 861 2529 ,Δροῦσον
878 2455 915 2521 ὦς
933 2457 998 2513 elev
1016 2463 1226 2527 προσεποιεῖτο,
1246 2460 1321 2511 οθεν

183 2547 236 2596 περ
249 2527 298 2581 uel
316 2523 455 2595 πρότερον
474 2526 523 2580 διὰ
541 2532 641 2596 μίσους
654 2522 731 2596 αύτῷ
743 2522 780 2596 ήν
791 2532 827 2592 (a.
843 2531 911 2596 767).
939 2532 1053 2581 Tacitus
1064 2545 1125 2579 anu.
1144 2529 1157 2578 1
1178 2529 1208 2577 le
1222 2529 1320 2602 eadem

185 2600 279 2651 eodem
292 2601 350 2648 lere
363 2599 441 2648 modo
454 2605 557 2649 narrat.
578 2600 690 2664 Cassius
702 2600 755 2649 Dio
768 2598 813 2662 58,
827 2598 856 2662 3,
873 2598 960 2648 1-7:
979 2597 1017 2664 τῷ
1030 2591 1061 2648 δὲ
1080 2590 1116 2663 δή
1129 2589 1228 2662 Γάλλῳ
1241 2613 1256 2646 ο
1272 2597 1320 2647 Τι-

185 2663 292 2733 βέριος,
320 2665 359 2731 τῳ
380 2660 434 2732 τήν
458 2682 487 2717 τε
512 2670 635 2732 γυναῖκα
654 2657 744 2717 αύτού
761 2658 929 2734 ἀγαγομένῳ
952 2664 1001 2717 καλ
1018 2664 1053 2732 τῇ
1075 2661 1139 2729 περλ
1162 2664 1211 2732 τής
1230 2656 1307 2745 οἷρχή

185 2729 523 2820 χρησαμέἱνῳπαρρησίηι,
542 2727 756 2813 νμιρόνιλαβών
769 2726 899 2785 ἐπέθετο.
937 2726 1036 2800 ἐπειδὴ
1055 2727 1110 2799 γαρ
1127 2726 1178 2783 τὸν
1190 2732 1321 2799 Σηιανον

184 2821 246 2880 ptos
270 2801 458 2920 καιχαληθώς
476 2819 513 2859 ως
532 2818 746 2869 αυταρχησοντα
765 2792 784 2869 ή
807 2799 855 2852 ιιαλ
872 2801 912 2852 τῶ
929 2801 979 2852 τοῦ
1001 2800 1135 2878 Τιβεριόυ
1155 2791 1320 2878 ύὲείβερα-

184 2887 294 2933 πευων,
313 2888 330 2935 η
350 2886 386 2918 ιια
419 2863 448 2932 ἐξ
467 2862 633 2937 ἐπιβουλῆς,
654 2869 703 2921 ἴνα
721 2868 769 2921 καλ
788 2861 865 2936 αύτῷ
884 2857 984 2932 ἐκείνῳ
1003 2863 1051 2920 διὰ
1065 2886 1152 2934 κορου
1170 2884 1321 2936 γενομενος

185 2937 301 3006 φθαρῇ,
327 2929 362 2986 τα’
379 2953 409 2987 τε
432 2938 519 2988 πλείω
538 2933 567 2988 ολ
588 2935 637 2989 uel
655 2933 689 2989 toi
708 2939 792 3004 μείζω
811 2930 967 3004 ἐσηγήοατο
986 2936 1035 2988 ιιαλ
1054 2929 1085 2988 ἐν
1102 2941 1163 2995 τοῖς
1186 2953 1258 3000 πρεσ
1277 2953 1319 2989 εο-

184 3010 245 3065 ταῖς
253 2999 400 3085 γενέσθαι
420 2997 611 3070 ἐσπούδασεν,
631 2999 771 3058 ἐπέστειλε
789 2999 854 3072 περὶ
877 2997 967 3057 αύτού
984 3005 1018 3071 τῇ
1042 3004 1131 3071 βουλῇ
1148 2998 1183 3055 τοτ’
1202 3021 1231 3056 τε
1271 3007 1319 3056 λλα
1352 3059 1354 3062 ,

184 3072 233 3127 καλ
251 3091 294 3124 οτι
317 3071 355 3139 τῳ
378 3072 497 3140 Σηιανῳ
519 3074 568 3142 τῆς
591 3068 662 3140 πρὸς
686 3066 789 3126 ἑαυτὸν
814 3073 911 3140 φιλίας
936 3073 1079 3140 φθονοίη,
1108 3073 1213 3136 καίπερ
1237 3065 1319 3131 αύτὸς

185 3140 319 3218 Συριαηῳ
341 3140 415 3219 φίλῳ
438 3135 588 3261 χχτύμενος.
629 3141 678 3194 καλ
702 3142 791 3194 ταῦτα
815 3133 867 3193 ούιι
891 3134 1012 3208 ἐξέφηνε
1035 3142 1074 3207 τῷ
1098 3137 1225 3218 With,
1250 3132 1318 3192 α’λλολ

184 3209 233 3263 καλ
251 3226 328 3260 πανυ
347 3225 436 3260 αυτον
470 3205 636 3274 δεξιωσατο,
655 3201 723 3263 οἷστε
742 3209 888 3277 συμβῆναί
898 3205 928 3261 οἱ
944 3210 1060 3277 πρᾶγμα
1076 3208 1319 3274 παραδοξοτατον,

184 3277 233 3332 καλ
256 3267 272 3328 3
293 3273 397 3344 μηδενὶ
419 3267 494 3339 ἄλλῳ
517 3279 696 3345 συνηνέχθη·
735 3271 765 3330 ἐν
788 3273 842 3344 γὰρ
865 3278 899 3344 τ’
922 3269 995 3344 αὐτῇ
1017 3270 1109 3345 ήμίρῳ
1132 3272 1211 3340 παρύ
1236 3294 1266 3330 τε
1284 3276 1320 3342 τῷ

187 3345 308 3413 Τιβερίῳ
332 3338 465 3412 εἶστιύθη
488 3344 537 3398 καὶ
556 3348 724 3413 φιλοτησίας
743 3341 818 3410 ἔπιε,
848 3296 898 3397 καλ
921 3338 953 3396 ἐν
970 3345 1008 3410 τῷ
1027 3345 1219 3412 βουλευτηρίῳ
1234 3361 1320 3406 ,κατε-

126 3452 129 3463 ,
184 3415 336 3482 ψηφίσθη.
357 3402 425 3464 ὥστε
443 3411 493 3464 noel
511 3410 667 3482 στρατηγὸν
684 3409 734 3466 τὸν
753 3408 878 3498 ὃήοοντολ
897 3430 926 3464 τε
945 3405 1033 3464 αύτὸν
1056 3410 1104 3464 ιιαλ
1123 3408 1192 3476 πρὸς
1211 3409 1264 3480 τήν
1282 3431 1321 3464 τι-

184 3482 295 3550 μωρίαν
312 3473 460 3554 ιλπηλξοντα
478 3483 661 3550 πεμφθῆναι.
682 3482 730 3534 καλ
748 3499 844 3548 μεντοι
863 3473 951 3533 τοῦθ’
969 3471 1056 3540 ούτως
1070 3474 1085 3532 ὁ
1101 3477 1231 3548 Τιβέριος
1250 3475 1321 3547 πρύ-

186 3551 235 3616 ξας
258 3540 326 3602 οὐδ’
349 3549 515 3601 αποθανελν
538 3542 615 3616 αύτῷ
639 3544 822 3618 ἐθελήσαντι,
848 3543 945 3602 luero*
966 3543 1082 3616 τολχιστα
1107 3549 1162 3600 τών
1221 3547 1321 3615 ὃογμέ-

185 3637 242 3670 νων
259 3608 380 3685 ᾔσθετο,
407 3608 576 3682 ἐπέτρεψεν,
601 3609 665 3670 ἄλλ’
689 3613 788 3684 ἐκείνῳ
806 3634 849 3681 τε,
876 3568 983 3670 ἵν’λπλ
1006 3620 1138 3668 πλεῖστον
1161 3635 1177 3667 ιι
1241 3617 1294 3668 θεί
1313 3655 1320 3682 ,

185 3689 307 3752 θαρσεῖν
325 3706 341 3736 ιι
358 3707 373 3736 ιι
391 3706 407 3735 s
422 3679 578 3738 ἐνετείλατο
597 3679 672 3746 ὅπως
685 3680 716 3739 ἐν
733 3689 826 3753 φυλαιι
836 3686 847 3698 ”
859 3677 973 3753 οἶὸἐσμῳ
986 3673 1022 3752 ᾖ,
1036 3683 1133 3752 μέχρις
1145 3675 1182 3736 ἂν
1195 3678 1281 3745 αὐτὸς
1294 3635 1321 3744 ἐς

185 3750 237 3823 τήν
254 3751 337 3805 πόλιν
355 3748 510 3822 οἷφίιιηται,
536 3746 588 3819 ἵν’,
614 3746 685 3820 ὅπερ
709 3749 805 3816 εἷπον,
829 3704 878 3807 lul
896 3750 1075 3833 prosperatori
1092 3751 1142 3803 ιιαλ
1164 3753 1199 3819 τῇ
1222 3744 1322 3820 οἷτιμίῳ

184 3811 245 3890 ἅμα
263 3819 368 3891 παλτῷ
386 3815 466 3889 φόβῳ
484 3817 733 3889 ταλαιπωρήσειεν.
758 3819 805 3874 καὶ
827 3818 908 3888 ἔσχεν
926 3837 1026 3880 ουτως·
1057 3815 1128 3885 πρός
1146 3837 1175 3871 τε
1194 3816 1248 3887 γολρ
1266 3821 1322 3873 τῶν

184 3885 230 3944 αἐλ
248 3883 365 3942 ύποὶτων
377 3885 503 3957 ἐτηρεῖτο
515 3910 547 3925 ·-
562 3885 613 3953 ἐξω
628 3891 677 3979 της
695 3889 746 3942 τού
760 3890 895 3957 Τιβερίου
912 3883 1014 3957 α’ρχής·
1032 3884 1093 3940 τότε
1107 3883 1161 3954 γάρ
1179 3884 1249 3955 πρὸς
1268 3889 1322 3940 τοῖν

185 3953 377 4027 στρατηγοῖνί
403 3952 516 4024 υλολχθη
529 3986 561 3993 -
575 3955 626 4024 ούχ
646 3976 694 4009 ινα
712 3953 750 4042 μή
769 3952 860 4025 φύγῃ,
880 3950 914 4009 ον’
931 3956 970 4025 μοὶ
990 3949 1049 4021 Δί’,
1073 3949 1137 4008 ἀλλ’
1155 3956 1204 4007 ἵνα
1223 3952 1262 4025 μή
1280 3973 1321 4008 τε·

186 4023 318 4095 λευτήση,
348 3977 400 4078 καλ
420 4017 484 4077 ούτε
509 4019 620 4091 ἑταῖρός
643 4045 684 4086 τις
709 4019 771 4079 ουτ’
799 4021 910 4093 οἰκέτης
933 4019 1009 4091 αύτῷ
1033 4026 1227 4091 συνεγίγνετο,
1260 4015 1321 4076 οὔτ’

187 4092 279 4149 ἐλάλει
306 4094 362 4147 uvi
386 4085 456 4145 οὔθ’
481 4085 553 4158 ἕιύρα
580 4089 643 4144 τινα
668 4089 743 4162 πλήν
771 4087 855 4146 ὁπότε
877 4089 989 4161 τροφήν
1013 4094 1113 4160 λαβεῖν
1135 4084 1318 4160 η’ναγκοὶζετο.

186 4154 289 4233 καλήν
312 4156 383 4230 αὕτη
402 4156 519 4228 τοιαύτη
538 4159 586 4212 καλ
605 4157 727 4230 τοσαύτη
751 4152 818 4213 ὥστε
843 4157 912 4228 μήτε
932 4158 995 4213 τινα
1017 4154 1129 4228 ήδονήν
1152 4158 1202 4212 καλ
1225 4155 1321 4229 ῥώμην

191 4269 389 4278 ——-———-—

273 4336 281 4384 1
301 4320 396 4380 Gaius
411 4321 466 4376 BP
480 4316 571 4377 Caius
585 4319 688 4393 (Soet.)
705 4313 718 4398 ΙΙ
734 4319 821 4376 Asini
837 4317 972 4375 BAsinii
989 4319 1089 4391 (Seni.)
1108 4313 1120 4399 Η
1136 4326 1152 4377 2
1168 4316 1321 4395 Vergilius

189 4408 213 4462 B
231 4406 374 4481 Virgilius
395 4405 497 4479 (Seni.)
514 4400 527 4486 ss
544 4412 688 4462 enecatur
704 4406 759 4461 BP
769 4406 844 4461 Scol.
