2964 5002
169 330 228 392 152
674 344 805 385 rasrvu

165 520 244 562 casu
270 496 326 560 alii
353 518 372 558 a
395 493 502 557 media
529 503 632 557 noete.
678 512 754 555 nam
783 487 942 554 Chaldaei
964 511 984 552 a
1005 488 1083 555 solis
1106 500 1224 554 exortu
1248 488 1314 552 diei

165 601 295 663 initium
327 598 451 661 faciunt
482 604 584 660 totum
614 593 648 658 id
677 594 817 680 spatium
844 613 945 655 unum
977 591 1063 655 diem
1096 590 1313 679 appellantes.

166 700 324 786 Aegyptii
347 709 456 762 autem
479 718 520 759 ex
541 697 635 760 initio
658 697 763 760 noetis
787 694 952 779 sequentis
976 693 1042 758 diei
1066 694 1228 778 originem
1249 703 1314 757 tra·

78 880 81 886 '
168 875 285 923 Praetor
303 872 424 920 urbanus
444 871 489 934 qui
507 883 580 918 nune
600 873 643 918 est
660 868 760 932 quique
784 864 902 931 posthac
926 867 987 915 fuat
1009 866 1077 915 duos
1101 865 1216 915 lictores
1241 865 1314 932 apud

169 957 198 989 se
217 940 320 988 habeto
338 954 423 1003 usquc
443 953 597 1002 supremam
617 936 651 985 ad
670 937 755 986 solem
774 949 903 983 occasum
921 935 1017 998 iusque
1034 936 1108 983 iuter
1126 935 1203 983 eines
1216 934 1314 984 dicito.

168 1014 229 1074 post
248 1022 402 1072 supremam
421 1007 546 1070 sequitur
563 1020 681 1069 uespera
705 1007 769 1052 ante
794 1007 882 1049 ortum
906 1002 1016 1051 scilieet
1035 1001 1094 1051 eius
1113 1000 1213 1051 stellae
1233 1017 1315 1066 quam

168 1076 283 1125 Plautus
306 1075 533 1139 uesperuginern,
559 1073 664 1121 Ennius
682 1084 841 1135 uesperum,
865 1069 1005 1135 Vergilius
1029 1070 1166 1134 hesperon
1190 1069 1315 1134 adpellat

169 1142 217 1206 (es.
240 1145 326 1192 Varro
339 1144 371 1191 rie
382 1149 457 1206 pente
473 1143 563 1205 populi
580 1141 687 1190 Romani
703 1138 773 1203 apud
790 1137 954 1198 Armatam
974 1139 1000 1186 0.
1015 1139 1047 1186 D.
1063 1137 1135 1186 xxi
1150 1140 1174 1195 8,
1194 1139 1315 1188 2Verro

170 1211 249 1273 lah.
268 1210 327 1259 1⁷11
338 1213 395 1270 50).
415 1209 478 1258 inde
498 1225 577 1274 porro
596 1224 641 1256 ere
663 1206 785 1256 rrseulum
798 1204 840 1252 aie
859 1204 977 1254 fortasse
992 1204 1161 1269 adpellatum
1180 1205 1252 1268 quod
1270 1221 1315 1254 res

170 1279 296 1327 incertae
319 1292 451 1341 creperae
470 1269 605 1325 ‘dicuntur
627 1224 708 1338 idque
731 1279 838 1335 tempus
860 1273 952 1321 noetis
979 1274 1016 1322 sit
1040 1288 1076 1322 an
1098 1273 1156 1322 diei
1178 1273 1314 1323 incertum

171 1352 221 1405 cst·
257 1351 320 1410 Post
338 1345 366 1393 id
384 1345 508 1409 sequitur
527 1350 633 1407 tempus
689 1342 723 1391 od
741 1339 857 1389 dicimus
877 1339 1025 1389 luminibus
1039 1341 1180 1390 accensis:
1206 1341 1316 1406 antiqui

170 1415 258 1478 prima
277 1413 340 1462 iace
360 1412 505 1471 dicebant3
524 1410 624 1460 deinde
644 1426 658 1459 c
698 1410 818 1464 nubium,
838 1422 897 1455 cum
916 1409 984 1456 itum
1003 1412 1046 1457 est
1058 1408 1194 1468 cubitum3
1215 1408 1315 1457 exinde

171 1483 339 1544 intempesta
357 1480 385 1529 id
404 1485 446 1529 cst
459 1479 545 1542 multa
558 1494 625 1540 nox,
645 1493 699 1541 qua
717 1475 786 1525 nihil
806 1475 855 1538 agi
871 1477 1079 1540 tempestiuum,
1093 1481 1158 1525 tunc
1179 1473 1260 1541 [cum]
1280 1474 1316 1526 ad

170 1549 289 1598 mediam
302 1552 412 1596 nectem
423 1547 525 1596 dicitur
538 1551 566 1596 et
579 1546 619 1594 sie
633 1546 723 1594 media
736 1557 793 1594 nox
806 1556 822 1587 a
842 1556 858 1585 a
876 1542 910 1592 ι’
925 1543 1036 1593 Servius
1047 1543 1114 1592 hen.
1126 1542 1226 1593 11268:
1241 1544 1316 1593 ‘sunt

171 1623 262 1665 autem
282 1615 389 1664 solidae
408 1616 499 1663 noetis
517 1619 611 1678 partes
624 1612 772 1661 secuudum
785 1613 934 1660 Varronem
948 1611 1015 1660 hae:
1035 1626 1154 1676 uespera
1167 1626 1314 1676 crepuscu-

171 1685 225 1732 lum
255 1683 436 1732 conticinium
467 1680 630 1730 concubium
659 1681 827 1744 intempesta
855 1695 908 1727 nox
931 1678 1105 1744 gallicinium
1128 1678 1232 1728 lucifer
1256 1695 1314 1729 cre·

169 1750 312 1816 pareculum
326 1750 499 1798 matutinum.
531 1748 601 1797 diei:
621 1763 701 1796 manc
715 1754 791 1797 ortus
804 1747 933 1796 meridies
947 1761 1072 1795 occasus.
1104 1746 1137 1795 de
1152 1746 1315 1811 crepusculo

169 1834 236 1867 uero
255 1817 326 1882 quod
345 1822 388 1866 est
405 1816 490 1866 dubia
507 1816 563 1877 lux,
583 1831 645 1863 nam
660 1831 802 1880 creperum
815 1814 926 1863 dubium
944 1813 1093 1878 significet,
1113 1815 1268 1878 qrraeritur3
1288 1819 1316 1864 et

170 1886 238 1935 licet
260 1886 369 1948 utrique
394 1884 512 1948 tempori
530 1883 619 1947 possit
637 1884 729 1947 iungi,
754 1898 820 1931 usus
843 1887 935 1930 tamen
959 1888 989 1930 ut
1012 1882 1148 1931 matutino
1169 1883 1315 1951 iungamus

171 1953 298 2002 obtinuit.
341 1967 450 2000 manum
477 1966 559 2012 uero,
589 1950 660 1999 unde
685 1955 727 1999 est
745 1966 841 2012 nrane,
871 1950 971 1998 bonum
994 1948 1087 1998 dixere
1110 1948 1242 1999 ueteree.'
1278 1949 1314 1999 es.

170 2020 282 2069 Servius
309 2018 376 2067 Aen.
405 2019 447 2068 111
475 2017 533 2066 587.
572 2018 732 2067 Macrobius
759 2024 811 2066 sat.
840 2017 852 2065 1
879 2014 909 2079 3,
943 2015 973 2064 12
997 2032 1070 2081 sqq.:
1114 2016 1227 2066 ‘Ciuilis
1257 2017 1315 2066 dies

171 2089 210 2136 ita
234 2086 375 2135 diuiditur.
418 2087 533 2150 primum
558 2091 665 2150 tempus
689 2085 745 2133 diei
773 2085 875 2133 dicitur
903 2083 1012 2134 mediae
1035 2085 1126 2133 nectis
1154 2085 1315 2134 inclinatio:

170 2154 269 2204 deiude
295 2153 482 2219 gallicinium,
508 2153 572 2202 iude
597 2153 776 2203 conticinium
796 2167 856 2200 cnm
879 2158 907 2201 et
925 2151 993 2218 galli
1012 2153 1204 2202 conticescunt
1222 2158 1251 2202 et
1269 2152 1315 2202 ho·

170 2223 258 2271 nrines
277 2223 362 2270 etiam
381 2227 438 2270 tum
457 2222 617 2285 quiescunt:
641 2220 741 2269 deinde
760 2219 924 2280 diluculum,
948 2219 977 2268 id
1000 2224 1043 2269 est
1067 2235 1128 2268 cum
1152 2221 1252 2285 incipit
1276 2220 1316 2268 di·

170 2289 247 2338 nosci
261 2289 334 2338 dies:
354 2289 417 2338 inde
431 2304 520 2346 mane,
535 2304 596 2338 cum
609 2289 669 2337 dies
682 2288 774 2337 clarus
787 2293 837 2336 est.
868 2301 948 2335 mane
962 2292 1054 2336 autem
1067 2287 1171 2336 dietum
1183 2292 1233 2337 aut
1246 2287 1316 2352 quod

171 2357 206 2406 ab
220 2357 397 2406 inferioribus
410 2356 490 2418 locis,
509 2356 537 2404 id
551 2361 594 2405 est
606 2372 623 2404 a
635 2356 775 2416 Manibus,
795 2355 934 2404 exordium
947 2353 1017 2404 lucis
1031 2360 1168 2420 emergat,
1184 2362 1232 2404 aut
1245 2354 1316 2420 quod

170 2425 264 2473 uerius
289 2424 356 2473 mihi
381 2424 491 2473 uidetur
515 2425 550 2473 ab
573 2424 664 2473 omine
688 2423 753 2472 boni
776 2423 904 2471 nominis.
940 2437 1004 2471 nam
1029 2428 1057 2471 et
1075 2423 1216 2471 Lanuuini
1234 2438 1314 2472 mane

170 2508 220 2557 pro
238 2493 309 2542 bono
328 2492 438 2541 dicunt:
459 2492 533 2540 sieut
551 2491 623 2555 apud
642 2506 691 2540 uos
711 2505 817 2554 quoque
837 2490 1005 2539 contrarium
1025 2495 1067 2538 est
1085 2491 1206 2549 inmane,
1226 2496 1256 2539 ut
1275 2493 1315 2539 in·

171 2562 260 2609 manis
285 2559 368 2609 belua
390 2559 434 2607 uel
460 2560 570 2607 inmane
595 2559 706 2608 facinus
730 2563 758 2607 et
780 2557 832 2606 hoc
856 2572 943 2621 genus
966 2564 1061 2606 cetera
1085 2573 1133 2622 pro
1157 2573 1211 2606 non
1233 2558 1314 2607 bono.

172 2627 272 2676 deiude
293 2644 309 2676 a
328 2643 407 2676 mane
428 2627 461 2675 ad
481 2626 637 2688 meridiem,
662 2626 714 2677 hee
734 2629 776 2674 est
796 2625 831 2673 ad
849 2624 967 2674 medium
986 2625 1056 2673 diei:
1076 2625 1139 2674 iude
1158 2627 1214 2674 iam
1233 2641 1316 2691 supra

171 2700 288 2744 uocatur
306 2701 413 2759 tempus
432 2694 575 2743 occiduum
595 2698 622 2741 et
641 2709 701 2742 mox
720 2708 847 2756 suprema
867 2697 1031 2756 tempestas,
1056 2692 1108 2740 hec
1132 2698 1175 2741 est
1193 2694 1249 2742 diei
1269 2710 1316 2743 no·

171 2764 313 2811 uissimum
332 2768 451 2826 tempus,
472 2763 544 2811 sient
563 2776 720 2824 expressum
740 2767 782 2808 est
802 2761 829 2807 in
848 2760 992 2809 duodecim
1012 2760 1129 2808 tabulis:
1148 2760 1215 2809 solis
1234 2777 1316 2810 occa·

172 2847 217 2879 sus
236 2845 364 2894 suprema
386 2834 537 2892 tempestas
563 2834 629 2877 este.
667 2828 766 2876 deinde
790 2843 908 2891 {lespera
933 2827 1003 2891 quod
1027 2843 1043 2876 a
1063 2828 1177 2876 Graecis
1197 2834 1316 2877 tractum

173 2904 222 2946 est.
261 2897 302 2945 illi
322 2897 394 2946 enim
414 2886 538 2958 ἑσπέραν
557 2912 572 2944 a
591 2895 674 2944 stella
693 2896 819 2959 Hespero
838 2895 947 2944 dieunt:
967 2894 1038 2943 unde
1058 2902 1086 2944 et
1104 2896 1241 2960 Hesperia
1260 2897 1316 2946 lta·

170 2964 224 3024 lia,
244 2965 314 3028 quod
333 2964 445 3013 occasui
465 2964 592 3012 subiecta
611 2964 660 3023 sit,
687 2963 851 3012 norninatur.
890 2963 924 3010 ab
948 2962 1000 3011 hoc
1019 2968 1141 3028 tempore
1160 2964 1249 3029 prima
1269 2965 1316 3013 fax

172 3033 283 3092 dieitur,
303 3031 403 3080 deinde
423 3031 560 3080 concubia
579 3037 606 3079 et
625 3031 688 3079 inde
707 3034 888 3094 intempesta,
914 3045 984 3094 quac
1008 3046 1063 3079 non
1084 3030 1169 3079 habet
1188 3031 1316 3081 idoneum

171 3105 278 3162 tempus
297 3098 378 3147 rebus
397 3099 533 3162 gerendis.
571 3098 641 3147 hacc
665 3103 707 3147 est
730 3098 786 3145 diei
806 3098 899 3148 ciuilis
923 3113 939 3146 a
958 3098 1089 3147 Romanis
1108 3098 1258 3148 obseruata
1276 3100 1316 3149 di·

172 3165 261 3215 uisio'
278 3194 307 3199 —-
322 3165 429 3215 Gellius
442 3166 483 3214 111
496 3167 525 3220 ⁴2,
540 3166 555 3212 ‘2
569 3181 642 3230 sqq.:
658 3165 702 3213 ‘bi
717 3165 804 3214 Varro
818 3167 846 3214 in
858 3165 928 3214 libro
941 3181 1031 3214 rerum
1043 3166 1224 3215 humanarum
1238 3183 1318 3231 quem

172 3235 205 3282 de
225 3234 321 3282 diebus
340 3234 464 3298 scripsit:
485 3234 631 3295 Homines,
652 3235 754 3297 inquit,
779 3234 825 3297 qui
845 3233 907 3282 inde
928 3248 944 3281 a
962 3234 1055 3283 media
1073 3240 1155 3282 nocte
1174 3235 1209 3282 ad
1227 3236 1317 3299 proxi·

172 3317 243 3349 mam
263 3301 380 3349 mediam
406 3308 515 3350 noctem
533 3302 561 3349 iu
580 3301 623 3349 his
642 3302 716 3349 horis
735 3301 835 3364 uiginti
855 3305 985 3364 qrrattuor
1007 3302 1067 3350 uati
1091 3309 1168 3360 suut,
1193 3318 1248 3351 rme
1273 3302 1317 3351 die

171 3369 231 3417 uati
251 3368 386 3417 dicuutur.
425 3369 523 3433 quibus
535 3369 629 3417 uerbis
648 3369 688 3416 ita
700 3370 810 3417 uidetur
823 3369 928 3417 dierum
942 3369 1164 3418 obseruationem
1177 3369 1316 3432 diuisisse,

171 3436 265 3499 utqui
285 3442 347 3500 post
365 3435 603 3485 solem-occasum
629 3441 694 3485 aute
719 3436 836 3484 medinm
860 3441 970 3486 uectem
993 3442 1075 3485 natus
1099 3438 1135 3485 sit
1160 3438 1182 3485 is
1208 3438 1233 3486 ei
1259 3438 1318 3486 dies

172 3503 275 3552 natalis
294 3505 343 3564 sit,
370 3520 386 3552 a
405 3519 458 3567 quo
477 3504 522 3552 dic
541 3520 575 3552 ea
593 3520 645 3552 uox
666 3505 802 3568 coeperit;
828 3511 925 3553 eontra
942 3519 1023 3562 uero,
1048 3505 1141 3568 quiin
1161 3520 1208 3554 sex
1227 3506 1318 3555 noctis

173 3571 246 3619 horis
264 3573 462 3634 posterioribus
480 3577 621 3631 nascatur,
643 3587 675 3620 eo
694 3571 738 3620 die
757 3571 845 3620 uideri
865 3577 968 3630 natum,
989 3573 1034 3636 qui
1054 3578 1115 3638 post
1129 3588 1189 3620 eam
1209 3578 1318 3623 noctem

174 3638 311 3686 diluxerit.
354 3639 539 3687 Athenienses
564 3645 656 3687 antem
681 3638 763 3688 aliter
786 3640 934 3689 obseruare
958 3640 1030 3688 idem
1054 3640 1140 3688 Varro
1164 3641 1192 3688 in
1223 3641 1319 3689 eodem

123 3742 125 3745 -
172 3705 243 3754 libro
261 3707 384 3770 scripsit,
410 3722 511 3770 eosque
530 3707 623 3755 escle
642 3722 742 3755 occaso
762 3707 797 3755 ad
819 3707 905 3757 solem
927 3709 1025 3757 iterum
1046 3707 1219 3756 occidentem
1239 3724 1318 3757 omne

172 3773 200 3821 id
220 3773 337 3822 medium
356 3779 463 3838 tempus
481 3789 562 3821 unum
583 3774 654 3823 diem
674 3790 734 3823 esse
754 3774 856 3824 (licere.
893 3776 1063 3838 Babylonios
1081 3791 1161 3839 porro
1181 3775 1277 3825 aliter:
1303 3792 1319 3824 a

173 3841 231 3890 sole
251 3841 323 3889 enim
342 3847 435 3890 exorto
455 3841 490 3889 ad
504 3847 627 3890 exortum
640 3841 761 3890 eiusdem
774 3842 952 3906 incipientem
967 3849 1053 3891 totum
1066 3843 1093 3890 id
1105 3843 1224 3906 spatium
1237 3845 1319 3893 unius

173 3909 229 3957 diei
247 3908 357 3958 nomino
377 3908 533 3972 appellare;
558 3909 657 3958 multos
682 3923 747 3959 uero
772 3910 800 3957 in
823 3915 899 3959 terra
917 3911 1030 3959 Vmbria
1053 3925 1136 3959 unum
1155 3916 1183 3958 et
1202 3912 1318 3961 eundem

175 3977 245 4025 diem
265 3992 324 4024 esse
339 3975 431 4024 dicere
451 3992 467 4024 a
485 3976 597 4025 meridie
618 3976 654 4025 ad
665 3977 856 4040 insequentem
870 3978 1022 4027 meridiem:
1042 3978 1121 4038 Quod
1141 3978 1257 4041 quidem,
1278 3980 1318 4027 in·

175 4046 247 4108 quit,
272 4044 352 4092 nimis
372 4043 517 4092 absurdum
538 4050 587 4092 est.
624 4059 688 4093 nam
711 4046 757 4108 qui
775 4044 909 4093 Kalendis
928 4046 995 4111 bora
1014 4051 1093 4094 sexta
1111 4045 1184 4109 apud
1203 4046 1319 4096 Vmbros

175 4117 330 4172 natusest,
355 4110 413 4160 dies
438 4112 496 4160 eius
521 4111 623 4160 natalis
648 4111 736 4160 uideri
755 4112 869 4162 debebit
892 4117 919 4162 et
938 4113 1124 4161 Kalendarum
1143 4113 1318 4175 dimidiarum

174 4215 374 4224 ...υ-μ.-

263 4279 272 4327 1
287 4286 305 4324 a
319 4285 372 4324 orn.
388 4262 464 4323 B¹M
477 4259 490 4345 ΙΙ
505 4264 605 4323 soleG
620 4259 634 4346 ΙΙ
649 4264 707 4325 aid
728 4275 775 4324 est
789 4276 885 4325 tetum
897 4269 925 4323 B
939 4261 952 4346 ll
968 4265 999 4324 id
1014 4286 1067 4324 om.
1080 4262 1120 4323 B¹
1138 4266 1178 4324 ad
1190 4269 1224 4325 M
1235 4262 1249 4348 Η
1265 4288 1319 4346 ap·

174 4348 339 4426 pallantum
349 4352 373 4407 Α
387 4345 401 4432 ΙΙ
416 4350 564 4427 3Aegipti
576 4351 664 4421 (corr.
675 4369 710 4406 m.
720 4354 748 4424 2)
759 4352 793 4406 M
803 4343 817 4431 l}
833 4354 1059 4430 sequentesAB
1074 4345 1088 4433 Η
1102 4351 1318 4410 trahuntGrr'a·
