2964 5002
490 380 518 418 r.
531 376 711 419 nirsonnnn
727 377 966 421 oonnnnrrnrvs
1233 359 1295 421 493

168 529 216 608 plo
237 527 332 588 valde
356 527 525 588 delectatur
545 529 603 587 hae
626 530 773 589 societate
799 530 968 602 nominum,
996 529 1132 591 Gellius:
1158 534 1187 587 in
1216 539 1297 588 terra

167 632 286 689 Graecia
302 640 330 702 1,
350 639 523 702 1.xv11,3.
553 641 642 697 xvn,
662 639 692 691 rr
712 624 732 707 g
751 639 781 693 re
803 639 834 689 et
848 641 895 703 ss,
918 635 948 687 tn
963 641 1044 688 terra
1066 632 1179 688 Vmbria
1194 643 1247 703 111,
1269 640 1295 704 s,

165 735 192 789 ia
211 739 294 789 terro
308 731 412 804 Africa
427 743 471 804 lv,
495 740 536 794 18.
566 743 643 805 xvi,
663 741 708 804 ll,
729 735 759 788 in
780 741 859 801 terra
873 735 974 805 Italia,
997 736 1026 789 in
1048 742 1156 791 terram
1179 736 1297 791 Latroni-

167 852 225 891 com
245 842 324 904 xvi,
353 842 402 905 19,
428 850 467 891 cs
492 841 572 890 terra
594 835 739 906 Hispania
761 844 851 907 xvii,
877 845 908 907 3,
935 853 950 891 e
972 843 1053 891 terra
1072 838 1140 892 Asia
1165 845 1243 906 xix,
1269 843 1296 897 9.

168 932 281 995 Contra
296 934 418 1013 poetico
434 935 537 994 colore
551 936 664 995 tinctus
675 936 775 994 Taciti
791 955 889 995 senno
905 956 968 995 non
983 935 1155 1013 refugiebat
1170 938 1298 1010 Capreas

167 1054 193 1095 te
207 1041 237 1095 in
255 1041 379 1095 insulam
393 1040 499 1095 abdidit
515 1037 599 1096 Ann.
615 1048 666 1109 lv,
689 1044 721 1100 67
731 1081 739 1104 ‚
767 1045 802 1119 et·
818 1040 843 1097 si
866 1056 945 1118 quae
965 1047 1036 1097 sunt
1055 1039 1195 1101 similiter
1216 1036 1297 1097 dicta

167 1140 287 1199 inverso
310 1138 418 1198 ordine
438 1147 471 1196 ut
489 1142 593 1211 oppido
613 1159 631 1197 a
649 1139 763 1212 Canopo
788 1142 830 1214 11,
853 1148 900 1207 60,
926 1148 1045 1197 montem
1071 1145 1151 1214 apud
1168 1143 1297 1211 Erycum

168 1251 209 1314 lv,
224 1249 269 1304 43.
307 1239 449 1300 Ceterum
464 1259 524 1299 uno
540 1239 634 1299 verbo
650 1241 823 1321 repellendi
839 1251 910 1300 sunt
925 1243 977 1320 qui
993 1244 1132 1299 Graeciae
1147 1246 1297 1299 interram
1357 1230 1362 1241 ’

168 1341 416 1402 commendarunt
444 1360 507 1400 uon
539 1350 702 1420 perspecta
726 1343 757 1400 vi
783 1344 986 1421 appositionis
1016 1363 1105 1421 quarn
1134 1344 1295 1403 sanissimo

167 1443 275 1503 iudicio
300 1442 427 1503 Carolus
448 1443 657 1522 Nipperdeius
683 1463 782 1522 nuper
808 1445 975 1524 explicavit
1000 1443 1145 1523 spicileg.
1172 1446 1236 1504 crit.
1262 1447 1294 1504 in

168 1544 288 1607 cornel.
304 1546 386 1624 Nep.
401 1565 432 1623 p.
446 1554 479 1607 35
495 1565 540 1624 sq.
555 1546 596 1586 -ὲ
609 1546 712 1605 Vnum
727 1555 836 1619 restat,
853 1544 936 1625 quod
953 1546 1010 1604 etsi
1029 1545 1211 1605 dubitationi
1227 1567 1295 1606 esse

168 1646 330 1707 obnoxium
354 1646 470 1719 sentio,
500 1655 604 1705 temen
629 1647 751 1705 silentio
777 1648 1018 1726 praetermittere
1044 1648 1186 1725 religioni
1211 1647 1294 1708 duxi.

167 1750 288 1810 Etenim
301 1767 466 1827 numquam
481 1768 544 1806 non
561 1748 723 1807 offensioni
738 1749 832 1809 fuisse
848 1750 947 1809 fateor
963 1749 1060 1828 quod,
1082 1770 1142 1829 quo
1163 1769 1294 1808 serese-

167 1853 244 1931 perit
258 1851 439 1923 Terentius,
462 1848 594 1910 Graecia
609 1855 647 1908 ul
656 1856 743 1908 tima
762 1851 884 1910 dicitur:
907 1852 989 1911 cuius
1005 1851 1130 1930 quidem
1145 1851 1295 1911 definitio·

167 1953 211 2012 uis
225 1970 338 2011 vereor
350 1960 384 2010 ut
398 1952 492 2010 ullam
503 1962 615 2011 eertum
630 1954 788 2011 notionem
799 1954 895 2012 menti
910 1973 984 2013 suae
1000 1954 1163 2012 informare
1173 1962 1295 2012 veteres

167 2054 222 2134 ipsi
238 2054 409 2134 potuerint:
436 2061 497 2112 tam
522 2054 575 2113 illa
596 2064 627 2113 et
646 2054 684 2112 ab
704 2065 765 2113 usu¹
780 2055 898 2117 recedit
918 2064 961 2127 et,
989 2057 1078 2114 situm
1101 2057 1249 2116 Graeciae
1270 2055 1296 2113 si

168 2156 263 2236 qualis
284 2157 325 2215 sit
345 2150 551 2233 reputaveris,
572 2166 680 2235 suapte
703 2166 811 2214 natura
833 2157 938 2214 mirum
959 2158 991 2214 in
1013 2157 1132 2217 modum
1159 2165 1295 2235 vagatur.

167 2258 396 2317 Remotissimas
413 2256 452 2315 ab
472 2256 546 2316 urbe
561 2259 658 2341 Roma
680 2256 743 2335 (vel
764 2258 855 2315 etiam
876 2257 1053 2334 Brundisio)
1076 2267 1178 2336 partes
1201 2257 1295 2319 Gree-

168 2360 229 2419 ciae
245 2357 463 2435 navigantibus
479 2359 602 2438 quidem
618 2379 681 2417 non
697 2360 821 2418 fuorunt
840 2358 920 2416 eliae
943 2358 1003 2416 nisi
1018 2359 1135 2429 Attica,
1157 2358 1294 2431 Euboea,

166 2461 342 2520 Thessalia:
369 2480 494 2539 quarum
519 2461 587 2520 illas
611 2460 700 2532 duas,
728 2461 778 2540 qui
803 2459 982 2518 delitescere
1005 2459 1114 2530 vellet,
1141 2479 1204 2517 non
1225 2479 1294 2537 pro·

167 2562 243 2622 leeto
259 2563 408 2641 petiturus
424 2570 489 2622 erat
510 2571 633 2641 praeter
653 2563 742 2634 alias,
765 2581 865 2630 rursus
889 2572 989 2620 ntitom
1009 2562 1099 2633 hacc,
1121 2558 1293 2632 Thessalia,

167 2684 220 2743 per
232 2665 360 2743 Epirum
380 2664 438 2722 iter
463 2664 645 2722 facientibus
665 2664 759 2721 multo
781 2683 872 2741 quam
893 2664 961 2741 ipsa
975 2663 1077 2722 Attica
1097 2660 1147 2718 vel
1167 2659 1295 2719 Euboea

167 2766 365 2846 propinquior
393 2775 466 2824 orat.
516 2767 598 2843 Ergo
630 2784 819 2845 quocumque
845 2773 875 2823 te
906 2767 1052 2836 verteris,
1082 2783 1146 2820 cum
1173 2781 1294 2840 sempor

166 2866 417 2948 aliquidinsoliti
437 2867 623 2945 multumque
645 2866 776 2946 ambigui
799 2866 912 2925 habeat
934 2870 1071 2924 Graeciae
1095 2869 1218 2922 ultumas
1241 2883 1294 2941 ap·

166 2971 305 3052 pellatio,
323 2988 385 3027 non
400 2969 477 3026 levis
493 2969 621 3047 suspitio
637 2970 772 3028 nascitur
792 2973 820 3027 in
837 2971 987 3026 Graeciam
1004 2972 1233 3025 terremtatem
1243 2986 1294 3021 om

166 3072 278 3151 potius,
300 3091 359 3150 quo
377 3088 393 3128 e
409 3080 576 3149 conspectu
592 3072 725 3129 omnium
740 3090 773 3130 sc
789 3064 984 3142 subduceret,
1002 3070 1179 3128 Terentium
1195 3087 1293 3127 reces-

166 3173 239 3233 sisse
261 3182 384 3231 auetore
405 3172 514 3231 Porcio
537 3172 567 3230 h.
591 3192 617 3230 o.
643 3192 709 3230 earn
735 3173 767 3230 in
790 3182 901 3233 terram
920 3172 951 3229 iu
975 3191 1035 3250 qna
1058 3172 1149 3228 etiarn
1169 3179 1295 3229 mortem

167 3273 255 3347 obiit,
284 3292 363 3353 quae
385 3273 442 3331 fuit
463 3273 607 3333 Arcadis.
643 3275 721 3333 Nam
744 3275 819 3332 nihil
844 3275 903 3332 hue
919 3268 1080 3352 preminet,
1103 3272 1185 3351 qnod
1212 3273 1295 3330 illum

166 3375 215 3434 alii
231 3376 355 3434 omnino
372 3395 434 3434 non
451 3375 483 3433 in
499 3376 676 3448 Graeciam,
699 3375 754 3434 sed
774 3377 806 3434 iu
822 3376 927 3435 Asiam
942 3374 1111 3453 profectum
1128 3372 1293 3444 tradidere,

165 3486 196 3536 ut
210 3476 365 3537 Volcatius
382 3475 538 3553 Sedigitas
553 3477 635 3535 infra
651 3488 897 3536 commemoratus
912 3497 931 3534 a
947 3477 1103 3535 stretonio.
1168 3472 1170 3476 ’

173 3584 179 3595 “
245 3578 321 3655 Peg.
343 3577 399 3651 28,
421 3577 441 3637 8
462 3578 506 3637 sie
521 3578 678 3637 Parisinus
696 3584 732 3636 sl:
755 3590 882 3637 vitoslaus
901 3587 943 3636 est
957 3579 1048 3652 infolo
1070 3581 1226 3635 orcliudice
1244 3596 1293 3651 op-

163 3683 229 3753 pido
251 3700 278 3739 e.
301 3700 331 3759 q.
353 3700 379 3739 s.
422 3678 484 3740 Vbi
508 3684 537 3737 in
562 3683 651 3754 pltalo
677 3679 744 3738 libri
768 3681 879 3739 novicii
901 3680 1057 3759 plerique,
1086 3684 1116 3737 in
1142 3681 1293 3752 stimplrolo

166 3800 229 3841 cum
239 3780 381 3842 Vrbinati
397 3780 490 3841 editio
506 3782 670 3861 princeps,
686 3769 767 3860 turpi
783 3791 815 3841 ut
830 3791 960 3860 apparet
974 3783 1162 3842 soloecismo.
1200 3778 1293 3858 Quod

166 3881 348 3961 intellegens
364 3884 493 3942 Rothius
509 3884 719 3942 soloecismum
735 3894 838 3941 tamen
855 3904 894 3941 ne
910 3885 977 3962 ipse
993 3885 1117 3964 quidcrn
1132 3884 1212 3942 cavit
1228 3884 1294 3940 cirin

166 3983 273 4046 Porcio
288 3985 366 4064 baec
379 3983 474 4043 verba
488 3984 608 4044 tribuit:
630 3988 773 4042 Morumst
789 3985 956 4058 Stymphala
972 3991 1112 4043 Arcadiae
1132 3990 1161 4042 ia
1181 3987 1293 4057 oppido.

166 4085 304 4146 Tolerari
319 4095 434 4165 potest,
452 4106 543 4166 quam
558 4088 611 4145 ille
627 4086 830 4146 neeessariam
847 4086 924 4145 dixit
938 4070 1060 4165 praeter
1075 4088 1248 4157 veritatem,
1264 4089 1295 4141 ta

166 4188 368 4268 praepositio:
384 4209 446 4247 non
463 4197 566 4267 potest
581 4190 613 4246 in
629 4187 710 4246 bono
727 4188 875 4266 scriptore
892 4190 1057 4263 Slpmplialo
1073 4190 1169 4248 sonna
1183 4206 1239 4265 pro
1256 4205 1293 4244 ea

168 4308 254 4367 quem
275 4291 441 4369 antiquitas
462 4292 558 4349 solani
578 4288 720 4368 probavit
736 4290 908 4362 Stymphali:
930 4291 1012 4369 quod
1035 4311 1131 4368 genus
1152 4300 1292 4350 acclinata

167 4396 199 4447 ut
215 4391 293 4449 solet
309 4390 448 4449 doctrina
470 4391 551 4450 idern
572 4391 623 4450 illc
639 4389 847 4471 Nipperdeius
863 4392 882 4450 l.
898 4412 922 4451 s.
938 4413 963 4450 s.
984 4393 1124 4450 tractavit
1149 4412 1180 4470 p.
1200 4403 1229 4452 ts
1244 4412 1293 4471 sq.
