2964 5002
679 373 721 414 ns
746 371 863 412 ror-:ris
1297 353 1337 416 53

190 520 342 607 quentiae
365 519 559 584 doctoribus
582 527 729 600 uacaret,
759 519 792 581 in
815 517 893 581 belli
916 517 1023 581 ciuilis
1047 528 1193 603 tempora
1212 520 1338 602 incidit,

190 622 273 708 quod
301 616 479 706 Augustus
505 620 662 684 aduersus
687 621 866 684 Antonium
892 620 1013 704 gessit,
1044 621 1247 706 primumque
1267 631 1339 706 post

190 724 379 787 Mutinense
394 722 521 786 bellurn
541 723 705 786 ueteranis
724 722 809 806 (agri
826 722 896 783 eius
915 719 1082 784 distributi
1100 724 1203 806 sunt),
1225 733 1339 806 postea
1384 738 1424 751 *⁶

191 826 361 889 restitutus
386 823 548 887 beneficio
575 822 717 908 Alpheni
748 823 840 902 Vari,
870 822 981 884 Asinii
1009 821 1166 886 Pollionis
1196 833 1229 886 et
1261 823 1337 886 Cor-

168 925 269 990 anelii
285 925 393 996 Galli,
414 923 538 1011 quibus
556 925 588 987 in
609 923 773 987 Bucolicis
790 922 958 1017 adulatpr,
982 923 1100 986 deinde
1121 947 1179 1011 per
1199 925 1337 1009 gratiam

191 1027 393 1090 Maecenatis
416 1026 451 1089 in
474 1025 651 1088 amicitiam
675 1026 828 1102 Caesaris
850 1010 967 1088 drictns
991 1035 1050 1088 est.
1081 1028 1166 1090 uixit
1189 1023 1338 1113 pluribus

192 1130 285 1191 annis
309 1126 439 1193 liberali
463 1127 498 1189 in
517 1118 605 1206 odio,
636 1136 767 1190 secutus
789 1125 923 1211 Epicuri
948 1135 1084 1219 sectam,
1112 1129 1233 1213 insigni
1264 1149 1338 1190 eon-

192 1228 303 1292 cordia
326 1236 359 1290 et
382 1226 609 1290 familiaritate
628 1249 706 1290 usus
723 1226 861 1305 Quintili
878 1226 1008 1290 Tuceac
1030 1239 1062 1291 et
1084 1228 1174 1291 Vari.
1197 1229 1338 1315 scripsit

192 1329 341 1404 bucolica
380 1349 485 1390 annos
525 1338 621 1390 natus
656 1326 738 1390 VIII
772 1339 803 1391 et
836 1327 905 1391 XX
944 1328 1155 1393 Theocritum
1195 1338 1336 1409 secutus,

165 1454 183 1490 r·
192 1432 347 1515 georgica
375 1427 556 1492 Hesiodum
576 1438 619 1492 'et
647 1428 845 1510 Varronem,
877 1431 1026 1493 Aeneida
1053 1432 1221 1515 ingressus
1249 1429 1336 1494 bello

192 1530 390 1596 Cantabrico
408 1558 448 1592 n
465 1529 526 1592 hoc
541 1551 668 1615 quoquc
680 1552 798 1615 magna
814 1531 984 1595 industria.
1008 1531 1049 1595 ab
1066 1533 1217 1617 Atrgusto
1233 1552 1336 1617 usque

191 1633 231 1696 ad
259 1633 449 1695 sestertium
474 1633 596 1694 centies
625 1632 815 1695 honestatus
844 1643 903 1696 est.
952 1633 1092 1697 decessit
1120 1631 1336 1696 inCalabria

191 1756 312 1797 annum
332 1754 436 1817 agens
453 1732 758 1823 quinquagesimum
775 1744 806 1796 et
828 1734 966 1820 primum
988 1734 1163 1798 heredibus
1186 1735 1336 1818 Augusto

191 1847 222 1899 et
243 1835 437 1898 Maecenate
461 1855 533 1896 eum
555 1833 694 1898 Proculo
717 1836 840 1905 minore
869 1835 980 1899 fratre.
1022 1822 1055 1898 in
1083 1837 1153 1900 cius
1177 1834 1336 1922 sepulcro,

164 1937 274 2024 equod
298 1946 350 2000 est
371 1937 404 1998 in
421 1926 479 1997 uia
501 1934 680 1999 Puteolana
700 1937 761 2000 hoc
782 1936 902 2022 legitur
924 1937 1140 2023 epigramma:

274 2037 413 2101 Mantua
433 2058 486 2099 mc
507 2037 636 2126 genuit,
661 2035 793 2101 Calabri
815 2059 968 2124 rapuere,
987 2047 1077 2101 tenet
1099 2060 1186 2103 nunc

362 2137 587 2222 Parthenope:
610 2139 712 2213 cecini
736 2161 855 2224 pascua
876 2162 953 2203 rura
978 2140 1088 2204 duces.

191 2241 312 2305 Aeneis
336 2251 468 2303 seruata
491 2239 532 2303 ab
554 2239 721 2323 Augusto,
744 2242 893 2328 quamuis
910 2243 979 2328 ipse
995 2250 1188 2305 testamento
1203 2245 1335 2305 damna·

190 2515 233 2548 aes
253 2497 375 2548 eontulit
393 2497 423 2545 (ἲ.
444 2497 488 2545 W.
508 2496 653 2555 Miillerns,
675 2498 868 2547 Monacensern
888 2498 918 2546 (f.
938 2498 1077 2557 Halmius,
1098 2499 1280 2562 Regincnscrn
1301 2498 1333 2546 G.

116 2620 119 2627 ,
191 2567 296 2628 'Ilrilorz
330 2566 409 2613 “Vita
428 2563 520 2613 Publii
541 2564 650 2628 Virgilii
673 2565 795 2615 Maronis
815 2565 951 2630 Discipuli
971 2566 1061 2631 Epidii
1081 2568 1207 2615 oratoris.
1238 2566 1334 2620 (σπι.Ιί

191 2635 230 2684 Ile
249 2633 400 2682 nobilitate
421 2648 453 2680 ac
473 2631 516 2679 dic
536 2639 618 2696 atquc
637 2638 759 2698 tempore
773 2634 931 2682 natIuitatis
951 2650 982 2682 ac
997 2634 1168 2697 longitudine
1188 2636 1263 2681 uitae
1284 2634 1334 2681 1¹u-

189 2702 238 2750 blii
261 2700 375 2765 Virgilii
400 2701 523 2748 Maronis
546 2700 675 2763 dIscipuli
700 2701 792 2765 Epidii
817 2703 933 2750 oratoris
958 2703 1056 2766 incipit
1080 2704 1112 2754 lll
1136 2701 1249 2750 Publius
1274 2701 1333 2748 Vir-

190 2770 273 2829 gilius
294 2769 372 2816 Maro
391 2783 493 2832 genere
506 2768 672 2816 Mantuanus
691 2769 828 2829 dignitate
849 2784 932 2833 eques
951 2779 1031 2833 (eque
1052 2771 1114 2820 llMl
1129 2771 1267 2818 Montanus
1287 2784 1333 2816 na-

189 2831 232 2886 tus
256 2837 350 2886 idibus
368 2835 536 2884 Octobribus
559 2836 691 2884 (octobris
710 2837 744 2895 Il)
768 2838 817 2885 (ln.
847 2840 908 2886 itan.
929 2838 953 2885 B
972 2854 1042 2901 gneo
1062 2837 1124 2897 lulli
1144 2838 1274 2901 Pompeio
1297 2837 1333 2884 M.

190 2921 295 2954 rnrarro
309 2904 373 2955 ltili
387 2904 488 2951 (frasso
507 2918 575 2951 coss.
595 2903 765 2952 t'eorrsnlibus
779 2906 800 2953 ll
806 2906 832 2952 r!
838 2924 854 2963 ,·;
874 2911 904 2953 ut
920 2906 1035 2970 primurn
1049 2923 1077 2953 se
1091 2906 1208 2954 rorrtulit
1224 2907 1334 2952 llornam

189 2974 288 3022 *Ilorna
312 2972 335 3020 lt
359 2972 462 3019 Itomae
488 2970 566 3032 Bal),
595 2971 699 3019 studuit
723 2973 794 3036 apud
818 2972 944 3036 Hpidirun
968 2980 1104 3022 oratorem
1129 2990 1187 3022 cum
1213 2976 1334 3022 Caesare

190 3044 323 3104 Angusto.
353 3038 438 3098 unde,
465 3054 523 3086 eum
548 3039 671 3086 omnibus
695 3039 853 3088 Mantuanis
873 3043 934 3104 agri
952 3039 1029 3104 (egre
1049 3041 1084 3103 B)
1104 3040 1335 3100 antenominati

190 3107 284 3157 Bruta
301 3109 327 3154 in
346 3107 411 3154 ausc
430 3107 546 3167 destun),
566 3106 635 3168 quod
655 3107 819 3155 Antonianis
839 3108 962 3171 partibus
981 3109 1117 3157 tullissent
1135 3110 1264 3170 (surmont
1283 3107 1333 3169 Ml,

189 3176 252 3224 hnic
272 3174 325 3223 soli
345 3172 492 3225 carlertin
511 3174 649 3222 coricensit
667 3176 797 3223 memoria
817 3176 1062 3239 condiscipulatus.
1084 3183 1113 3225 ut
1132 3183 1160 3225 et
1179 3178 1237 3241 ipsc
1252 3182 1335 3239 pecta

189 3250 310 3292 testatur
329 3243 357 3288 in
377 3240 511 3290 bucolicis
530 3241 674 3303 (borrilieis
692 3243 725 3303 lt)
744 3243 873 3291 dicendo:
900 3244 974 3291 ltens
993 3244 1072 3292 noble
1090 3244 1161 3293 haec
1180 3245 1237 3293 otia
1256 3244 1333 3292 lecit.
1426 3287 1432 3298 ,

189 3311 332 3374 inquibus
350 3309 491 3373 ingenium
511 3324 587 3357 suurn
607 3314 734 3373 expertus
754 3315 808 3370 test
825 3312 885 3358 odd.
907 3310 983 3359 ntur
1004 3314 1126 3360 t'auorem
1145 3327 1251 3376 quoque
1265 3310 1335 3360 Cae·

188 3378 259 3426 saris
285 3377 403 3426 emeruit
427 3392 462 3423 ac
484 3376 582 3424 deinde
607 3378 738 3440 gerrrgiea
758 3379 923 3442 corracripsit
943 3385 970 3426 et
993 3381 1020 3427 ln
1039 3380 1081 3428 his
1099 3381 1275 3428 corroborato
1294 3378 1334 3427 ln-

188 3447 274 3507 genio
292 3446 352 3493 elus
375 3443 501 3495 Aeneida
519 3445 691 3508 cerrseripsit.
721 3446 764 3493 eui
780 3444 859 3493 linem
878 3462 931 3494 non
946 3448 1032 3510 potnit
1052 3449 1190 3511 imponere
1209 3452 1304 3511 raptus
1318 3462 1335 3495 a

188 3514 265 3561 satis.
280 3520 308 3561 et
321 3511 383 3559 ideo
398 3511 575 3560 inueniuntur
588 3512 660 3575 apud
673 3527 733 3561 eum
747 3529 842 3561 tritrsus
854 3529 907 3562 non
922 3515 1042 3578 peracti,
1063 3515 1161 3578 quibus
1174 3530 1228 3563 non
1240 3529 1334 3579 strper-

188 3581 260 3629 nixit
273 3580 308 3628 ad
327 3578 497 3643 replendum.
527 3580 597 3627 uixit
616 3595 702 3628 annos
716 3581 782 3638 LII,
804 3582 929 3629 arnieitin
948 3598 1011 3630 usus
1031 3582 1204 3646 imperatoris
1218 3581 1334 3645 ‚lugusti

188 3656 216 3698 et
235 3648 352 3696 aliorum
373 3645 551 3709 complurium
572 3645 642 3707 tcirnr
661 3647 777 3712 plurium
798 3650 829 3710 ll)
849 3650 1103 3713 probatissimorum
1122 3648 1265 3698 nirorurn.'

272 3868 500 3946 Iprimumque
524 3879 593 3945 post
613 3870 787 3928 Mutinense
811 3870 924 3929 bellum
948 3873 1101 3929 ueteranis
1124 3872 1189 3947 agri
1204 3871 1267 3928 eius
1291 3870 1333 3927 di·

186 3952 308 4012 stributi
324 3962 411 4023 sunt,
432 3959 539 4029 postea
554 3959 626 4011 coni.
643 3958 769 4012 Ir'eilius:
785 3957 973 4037 primumque
992 3964 1061 4034 post
1075 3958 1248 4014 Mutinense
1270 3954 1333 4012 bel-

188 4040 248 4097 lum
268 4038 445 4103 ueteranis,
467 4045 574 4114 postea
596 4043 624 4096 E
643 4040 831 4117 primumque
855 4040 966 4098 bellum
983 4043 1136 4101 ueteranis
1161 4053 1227 4118 post
1244 4041 1333 4097 Muti-

185 4144 278 4182 nense
296 4119 508 4200 posteaPVll
529 4136 546 4183 4
567 4123 676 4182 Albeni
706 4126 731 4179 V
749 4121 761 4200 Η
783 4135 799 4186 tl
825 4136 892 4183 octo
914 4136 942 4182 et
974 4127 1097 4199 triginta
1116 4121 1166 4202 ΡΗ
1185 4137 1210 4187 11
1237 4125 1337 4182 lrncP

184 4214 318 4267 lacunam
344 4216 414 4264 urile
430 4205 485 4264 lroc
502 4212 613 4266 It'eilins
631 4214 729 4266 statui!
749 4204 762 4289 Η
783 4221 847 4282 post
866 4210 1013 4268 industria
1029 4215 1201 4281 interpretari
1220 4205 1232 4288 Η
1258 4217 1288 4267 Η
1304 4208 1333 4263 in

185 4295 248 4352 eius
264 4297 397 4352 lr'cilins:
414 4294 498 4350 cuius
523 4295 546 4350 V
547 4297 573 4349 J>
587 4295 694 4372 quoius
716 4298 743 4350 E
756 4292 767 4374 Η
788 4303 816 4355 ll
835 4315 948 4371 pascua
965 4314 1053 4372 [terma
1075 4293 1208 4369 plunges
1236 4296 1260 4349 V
1270 4288 1284 4370 Η
1304 4296 1334 4348 18

185 4378 377 4439 damnauerit
394 4382 466 4434 coni.
487 4375 613 4455 Ir‘eilr'irsg
631 4378 753 4437 damnat
774 4382 850 4436 VPE
