2964 5002
569 340 578 351 ⁸
629 369 672 417 ns
688 369 875 418 ntsroruers
1281 351 1321 417 93

153 537 158 546 ·
184 524 250 589 ocio
266 521 448 611 scripserit.
484 523 594 609 itaque
615 522 702 587 bella
724 524 847 606 omnia,
877 543 961 608 quae
981 543 1133 608 umquam
1156 543 1227 585 cum
1244 521 1324 586 Ger-

184 626 286 688 manis
310 636 405 709 gesta
428 635 505 688 sunt
533 624 601 687 XX
623 624 844 688 uoluminibus
868 621 1127 710 comprehendit,
1171 626 1248 686 item
1269 645 1326 687 na·

184 727 298 790 turalis
320 726 477 790 historiae
501 725 669 790 XXXVII
691 726 790 789 libros
811 725 962 789 absoluit.
1000 724 1098 811 periit
1116 723 1208 788 clade
1231 725 1325 788 Cam·

135 856 139 865 ·
184 830 318 914 pauiae3
358 846 436 892 oum
466 829 551 893 euim
579 829 757 892 Misenensi
786 827 882 890 classi
915 836 1081 913 praeesset
1108 836 1141 890 et
1166 826 1325 912 flagrante

165 929 328 993 sVesuuio
346 928 389 993 ad
408 928 625 1016 explorandas
643 930 774 1015 propius
791 949 906 992 causas
923 927 1083 992 liburnica
1098 928 1325 1015 pertendisset,

183 1052 242 1093 nec
255 1030 509 1095 aduersantibus
523 1033 630 1096 uentis
640 1051 783 1095 remeare
796 1039 915 1117 posset,
933 1031 966 1092 ui
982 1029 1126 1115 pulueris
1138 1052 1176 1093 ae
1193 1028 1325 1101 fauillae

182 1153 360 1218 oppressus
381 1140 447 1213 est,
472 1131 524 1215 uel
545 1143 580 1196 ut
603 1133 733 1219 quidam
754 1133 941 1196 existimant
961 1153 982 1194 a
1002 1153 1095 1195 seruo
1113 1153 1172 1195 suo
1189 1130 1325 1212 occisus,

182 1256 280 1320 quem
304 1243 398 1296 aestu
415 1232 584 1316 deficiens,
607 1249 645 1297 ut
665 1256 777 1298 necem
798 1232 861 1297 sibi
879 1242 1072 1316 maturaret,
1094 1235 1244 1298 orauerit.

181 1455 270 1504 reque
300 1440 456 1505 conposuit.
492 1440 525 1490 de
549 1442 608 1490 uita
631 1441 766 1507 Pomponi
789 1441 908 1508 Secundi
932 1439 997 1489 duo:
1034 1455 1051 1489 a
1074 1456 1126 1504 quo
1148 1439 1328 1505 singulariter

181 1514 294 1556 amatus
318 1507 370 1557 hoc
394 1510 541 1557 memoriae
568 1510 651 1558 amici
669 1509 748 1573 qnasi
766 1509 888 1558 debitum
911 1523 1008 1556 munus
1027 1509 1153 1558 exsoluit.
1194 1509 1327 1558 bellorum

181 1577 353 1625 Germaniae
377 1576 491 1639 uiginti:
528 1577 626 1641 quibus
649 1579 740 1627 omnia
765 1592 919 1640 quaecum
938 1576 1083 1626 Germanis
1100 1578 1234 1642 gessimus
1253 1577 1328 1627 bella

181 1644 314 1711 collegit3
350 1642 507 1704 inchoauit,
527 1659 588 1694 cum
606 1645 635 1693 in
654 1645 803 1695 Germania
825 1644 974 1704 militaret,
998 1646 1102 1694 somnio
1121 1647 1252 1694 monitus:
1279 1645 1326 1694 arl-

181 1712 259 1761 stitit
273 1713 300 1760 ei
314 1711 470 1777 quiescenti
487 1713 570 1761 Drusi
583 1713 700 1762 Neronis
713 1714 830 1778 effigies,
847 1713 897 1778 qui
906 1712 1072 1763 Germaniae
1085 1712 1219 1764 latissime
1239 1713 1329 1762 nietor

181 1781 221 1829 ibi
242 1780 342 1844 periit,
368 1781 578 1831 commendabat
597 1782 753 1831 memoriam
772 1796 849 1830 suam
868 1781 1034 1845 orabatque,
1059 1787 1090 1830 ut
1113 1796 1142 1830 se
1166 1781 1201 1830 ab
1226 1783 1328 1830 iniuria

182 1848 337 1898 obliuionis
361 1848 510 1896 adsereret.
545 1849 662 1898 studiosi
684 1855 755 1911 tres,
783 1851 811 1898 in
833 1865 881 1898 seu
904 1848 1044 1898 uolumina
1066 1854 1178 1914 propter
1201 1849 1331 1914 amplitu-¹

182 1919 279 1965 dinem
297 1915 395 1964 diuisi:
420 1915 518 1981 quibus
541 1923 677 1967 oratorem
703 1919 737 1968 ab
761 1916 936 1966 incunabulis
959 1917 1081 1966 instituit
1099 1924 1127 1967 et
1144 1917 1260 1982 perficit.
1280 1916 1331 1966 du!

183 1985 223 2033 bii
248 1984 386 2033 sermonis
409 1988 488 2034 octo:
525 1986 637 2050 scripsit
660 1987 709 2035 sub
732 1987 839 2036 Nerone
862 1985 1018 2033 nouissimis
1043 1986 1136 2047 annis,
1169 2001 1230 2034 cum
1248 2001 1327 2036 omne

183 2053 338 2101 studiorum
357 2067 444 2116 genus
463 2051 544 2118 patilo
566 2052 680 2106 liberius
706 2064 731 2102 et
756 2054 887 2104 erectius·
898 2052 1081 2118 periculosum
1104 2053 1328 2103 seruitusfeeis-

183 2128 236 2169 set.
281 2136 299 2168 a
322 2119 375 2168 fine
398 2121 488 2171 Aufidi
512 2122 591 2169 Itassi
614 2122 730 2186 triginta
754 2137 832 2170 arrius.
878 2125 993 2169 naturae
1016 2120 1194 2170 historiarum
1212 2123 1328 2186 triginta

145 2201 151 2216 ·
183 2195 308 2254 septem:
331 2202 398 2252 opus
421 2188 546 2237 diffusum
571 2190 705 2238 cruditum
723 2183 775 2240 nde
793 2192 882 2239 minus
900 2190 1007 2238 uarium
1031 2205 1111 2254 quam
1135 2190 1196 2255 ipsa
1219 2197 1326 2239 natura.

185 2257 297 2306 mireris
316 2256 388 2319 quod
407 2261 448 2305 tot
466 2255 605 2306 uolumina
623 2258 764 2322 multaque
785 2260 811 2306 in
830 2258 873 2307 hle
891 2263 946 2306 tam
965 2258 1125 2322 scrupulosa
1149 2258 1229 2306 homo
1248 2274 1328 2307 oecu-

184 2332 269 2390 patns
289 2320 460 2373 obsoluerit?
496 2326 583 2388 magis
602 2326 760 2387 miraberis,
785 2326 808 2374 si
827 2326 925 2374 scieris
948 2324 1024 2372 illum
1043 2324 1205 2388 aliquandiu
1230 2341 1328 2375 euersas

186 2395 338 2453 actitasse,
362 2391 515 2440 decessisse
539 2408 611 2442 anno
635 2399 711 2443 sexto
742 2399 770 2443 et
793 2393 1051 2458 quinquagensimo,
1077 2393 1195 2441 medinm
1223 2399 1329 2458 tempus

185 2463 339 2509 distentum
359 2459 572 2525 impeditumque
597 2476 650 2525 qna
674 2462 774 2511 ciliciis
797 2462 924 2510 inanimis
948 2476 1001 2525 qua
1025 2461 1151 2509 amicitia
1174 2462 1328 2525 principum

187 2531 290 2594 egisse.
322 2527 371 2576 sed
388 2525 448 2576 ciat
467 2542 530 2577 acre
546 2530 690 2593 ingenium
714 2529 877 2578 incredibile
895 2531 1013 2577 studium
1037 2544 1141 2576 sunium
1159 2528 1328 2591 uigilantia)

188 2599 207 2644 Υ
224 2599 256 2654 8,
278 2596 307 2644 5:
345 2596 400 2643 ‘mo
419 2610 484 2645 uero
499 2597 533 2644 ad
557 2596 607 2645 hoc
625 2591 744 2646 studium
762 2596 880 2663 impellit
901 2597 1079 2645 rlornesticunr
1102 2612 1206 2660 quoquo
1240 2613 1328 2646 exem·

187 2665 270 2729 plum.
310 2663 462 2712 auunculus
480 2679 556 2712 meus
574 2664 698 2730 idemque
718 2682 766 2730 per
785 2666 959 2729 adoptionem
978 2672 1057 2729 pater
1075 2663 1205 2712 historias
1225 2671 1253 2711 ot
1271 2666 1328 2727 qni-

186 2735 249 2781 ‹lem
270 2731 476 2795 religiosissime
491 2731 621 2797 scripsit'
646 2733 721 2782 idern
733 2734 768 2782 VI
791 2733 820 2782 lu
839 2735 940 2781 «exitum
960 2732 1089 2781 avunculi
1103 2732 1203 2780 ‘Facito
1222 2733 1329 2794 scribit,

187 2802 260 2849 arole
280 2815 371 2864 pauca
388 2799 556 2848 notabiliora
575 2816 728 2866 excerpam.
748 2802 776 2849 2:
798 2801 1054 2865 ‘pulcherrimarum
1074 2800 1151 2850 clade
1171 2799 1328 2849 terrarnm’.

187 2872 215 2917 I:
237 2873 311 2916 ‘erat
328 2869 428 2916 Miseni
447 2866 617 2933 classemque
636 2870 750 2934 imperio
768 2884 900 2934 praesens
918 2870 1041 2933 regebat.
1065 2884 1164 2917 neniam
1183 2868 1243 2916 Kal.
1264 2871 1329 2933 Sep·

189 2938 311 2986 ternhres
335 2936 401 2985 hora
425 2935 482 2984 fere
506 2938 624 3000 septima
648 2943 736 2987 mater
754 2954 815 2986 mea
833 2937 940 2985 indicat
959 2938 984 2985 ci
1003 2953 1135 3002 apparere
1154 2937 1251 2985 nubem
1271 2938 1330 2986 inu-

189 3009 276 3055 sitata
295 3009 322 3052 et
335 3004 525 3069 magnitudine
545 3010 573 3053 et
585 3004 703 3069 specie.’
728 3006 756 3053 7:
779 3008 914 3068 ‘inagnum
933 3007 1097 3070 propIusquc
1116 3006 1282 3054 noscendum
1300 3010 1331 3055 ut

189 3072 376 3123 eruditissimo
395 3073 455 3120 uiro
473 3072 570 3121 uisum.
608 3074 684 3122 iubet
708 3073 872 3122 liburnicam
891 3073 1005 3138 aptari)
1038 3073 1080 3120 12:
1107 3075 1213 3122 ‘certus
1236 3074 1330 3138 fugae,

189 3144 211 3190 si
237 3142 393 3190 contrarius
416 3145 515 3189 uentus
539 3141 711 3190 resedisset'.
755 3141 800 3191 19:
827 3142 962 3189 ‘innitens
980 3140 1095 3190 seruolis
1113 3141 1217 3191 duobus
1237 3141 1331 3198 adsur-

190 3211 261 3258 rexit
279 3213 308 3256 et
326 3210 419 3257 statim
440 3209 574 3270 concidit,
594 3215 625 3257 ut
643 3226 694 3273 ego
718 3210 831 3274 colligo.
857 3210 993 3258 ‹irassiore
1016 3209 1136 3273 caligine
1161 3211 1259 3273 spiritu
1283 3210 1330 3258 ob·

190 3285 296 3326 structo
319 3276 468 3340 clausoque
492 3278 646 3337 stomacho,
676 3279 722 3343 qui
747 3278 788 3327 illi
811 3285 911 3326 natura
935 3277 1072 3325 inualidus
1097 3283 1124 3325 et
1152 3284 1284 3342 angustus
1303 3284 1332 3325 et

190 3348 351 3410 frequenter
369 3352 501 3394 aestuans
519 3349 596 3394 crat.¹
620 3346 666 3393 22:
688 3350 784 3394 ‘uirum
804 3346 937 3404 adiciam,
959 3346 1051 3394 onmia
1069 3361 1110 3393 me
1131 3345 1229 3408 quibus
1247 3347 1330 3394 inter-

191 3415 298 3463 fueram
317 3427 441 3502 quaeque
460 3414 568 3475 statim,
593 3429 652 3462 curn
672 3415 789 3464 maxime
808 3429 874 3463 uera
893 3419 1091 3475 memorantur,
1111 3414 1252 3464 audieram
1271 3428 1332 3479 per·

190 3491 324 3532 secretum.

278 3634 460 3716 lumquam]
481 3637 613 3719 undique
643 3640 798 3697 Vaticanus
818 3633 831 3719 Η
853 3637 1012 3696 Germanis
1033 3641 1243 3696 Eseorialensis
1259 3642 1331 3695 anti·

191 3731 273 3799 quior
298 3726 465 3780 Toletanas:
498 3723 641 3781 Romanis
668 3729 734 3782 libri
753 3729 872 3798 plrrrirni
894 3720 905 3804 ll
927 3733 943 3783 *I
963 3723 1028 3781 XX
1060 3728 1141 3782 edd:
1171 3723 1331 3783 XXXVII

190 3815 256 3868 libri
275 3806 288 3890 ΙΙ
309 3810 380 3867 item
398 3811 576 3866 Barbariana
599 3811 769 3868 Vaticanus:
785 3810 915 3888 itemque
931 3814 1032 3866 retiati
1045 3811 1079 3882 (2²)
1097 3806 1110 3889 ll
1125 3809 1238 3871 Scladc
1256 3811 1331 3866 Her-

192 3901 300 3954 molaus
323 3897 489 3951 Barbarus:
523 3893 618 3969 gades
645 3901 688 3954 vel
701 3894 788 3973 gadis
804 3897 989 3967 (Varianus)
1008 3899 1051 3952 uel
1067 3895 1177 3971 grades
1194 3899 1260 3952 libri
1280 3892 1294 3974 Η
1315 3908 1331 3956 a

192 3982 341 4041 liburnica
365 3983 533 4038 Toletanus:
555 3978 719 4039 liburnicas
737 3983 921 4054 (Vaticanus)
946 3985 989 4038 uel
1005 3979 1183 4038 liburnicam
1199 3983 1301 4037 relicui
1318 3977 1329 4057 ll

192 4065 396 4147 portendisset
418 4067 620 4122 Burmannus:
647 4067 870 4144 praetendisset
888 4069 953 4123 libri
971 4062 985 4146 ll
1004 4075 1022 4129 8
1044 4067 1331 4124 οτᾶιιοτίῐνὶηυῑυω

193 4165 332 4212 uitauerat
345 4155 411 4209 libri
425 4145 437 4231 l}
454 4160 601 4208 orauerat.
615 4152 663 4210 hic
675 4154 705 4210 in
719 4153 764 4210 his
780 4151 864 4211 libris
885 4185 891 4216 ε
907 4152 971 4209 XX
992 4182 998 4194 ·
1020 4150 1102 4208 milia
1114 4171 1211 4207 rerum
1226 4148 1330 4224 digna·

194 4261 256 4298 rum
272 4257 309 4295 ex
325 4237 473 4297 Lectione
493 4237 679 4295 uoluminum
702 4239 821 4295 circiter
840 4237 929 4294 duum
950 4237 1062 4294 milium
1079 4235 1253 4312 complexus
1275 4244 1329 4291 est.

193 4327 310 4384 Primus
324 4333 424 4381 autern
443 4320 518 4379 liber
532 4325 619 4402 quasi
636 4323 726 4381 index
748 4357 753 4367 ·
772 4323 914 4381 XXXII
935 4355 941 4367 ·
967 4321 1125 4380 Librorum
1141 4321 1331 4399 sequentium

194 4412 450 4471 corrsnurationem
465 4409 556 4467 totins
568 4410 668 4486 rapieris
681 4420 710 4468 et
723 4411 842 4486 species
856 4409 990 4465 continet
1004 4405 1156 4463 titulorum
1177 4407 1332 4463 Vaticanus
