2964 5002
603 401 746 442 nvrucas
769 403 926 443 rusroam
1276 391 1337 452 3³9

193 548 346 614 Romulus
362 547 559 634 quadrigam
581 550 705 634 primus
728 549 886 629 ostendit,
909 557 987 633 puto
1008 559 1042 612 et
1063 550 1132 634 ipse
1147 551 1232 612 inter·
1251 551 1338 613 irlala

192 652 397 736 marariptua
425 660 492 729 est,
526 650 552 712 si
583 649 668 713 idern
704 659 754 712 est
779 648 949 729 Quirinus.
993 648 1115 712 talibus
1149 651 1337 715 auctoribus

192 751 371 839 quadrigae
395 749 576 838 prodactae
598 751 713 814 merito
737 760 769 813 et
791 752 923 835 aurigas
945 749 1109 814 coloribus
1133 750 1338 814 idololatriae

191 852 382 915 sentierunt.
412 872 554 937 namque
578 852 671 914 initio
693 852 758 914 (lun
780 850 841 914 soli
864 852 997 915 suerunt
1018 850 1113 915 albus
1137 860 1169 914 et
1187 873 1337 934 russeum

176 952 283 1015 salbus
307 952 409 1016 hiemi
433 951 476 1013 ab
497 951 589 1015 niues
610 951 783 1031 candidas,
813 973 944 1015 russeus
967 953 1083 1015 aestati
1107 952 1148 1015 ab
1177 952 1255 1015 salis
1284 976 1336 1016 ru·

192 1054 298 1117 berem
321 1055 392 1116 uati
415 1062 522 1116 eraut.
567 1053 624 1115 aeri
648 1062 761 1138 pastea
782 1061 848 1115 tam
873 1052 1039 1137 uoluptate
1062 1074 1158 1136 quam
1182 1056 1339 1138 supersti-

192 1156 276 1217 tione
297 1163 457 1240 prouecta
480 1175 627 1217 russeum
647 1155 706 1243 ‚alii
730 1153 829 1232 Marti
857 1152 912 1215 alii
942 1151 1052 1216 album
1077 1154 1237 1241 'saphyris
1260 1177 1334 1218 ean-

192 1265 419 1336 aeerauerunt,
448 1258 617 1339 prasinum
641 1276 719 1318 uero
740 1259 863 1317 Terrae
891 1254 986 1317 matri
1015 1253 1066 1318 uel
1096 1277 1211 1338 uerno,
1239 1278 1336 1319 uene-

192 1366 257 1421 tum
278 1356 381 1421 Caelo
404 1364 437 1419 et
458 1348 541 1418 lliari
564 1354 618 1419 uel
640 1363 806 1418 autumna.
849 1377 922 1418 eum
944 1364 1052 1419 autem
1081 1358 1186 1420 earinis
1209 1359 1335 1444 speeies

165 1456 396 1522 ”idololatriae
418 1455 573 1519 damnata
595 1457 676 1521 sita
699 1456 776 1536 (leo,
803 1459 916 1541 utique
940 1457 1036 1520 etiam
1066 1457 1123 1521 illa
1151 1457 1335 1542 damnatur,

192 1580 272 1645 quae
294 1558 466 1623 elementis
489 1556 712 1622 mundialibus
733 1558 936 1642 profanatur.

193 1747 251 1781 aum
269 1736 299 1781 et
316 1730 446 1780 hiemem.
474 1729 670 1793 nigerrimae,
692 1730 819 1795 (lisaniam
839 1730 948 1793 gemino
967 1746 1046 1781 eurem
1065 1747 1125 1781 eum
1144 1733 1201 1781 sale
1221 1740 1332 1782 eonten-

193 1800 242 1859 at,
264 1800 326 1848 aine
345 1799 411 1863 quia
430 1803 458 1845 et
481 1803 561 1846 nnete
579 1797 688 1846 uirletnr
707 1804 735 1845 et
752 1798 806 1845 elie.
844 1798 960 1859 iungant
978 1800 1049 1849 euim
1075 1816 1155 1850 rrrrrrm
1174 1816 1272 1866 <squam
1292 1803 1331 1850 ni·

193 1882 282 1927 grum,
313 1865 432 1915 alterurn
455 1865 612 1914 eamiirlum.
654 1866 742 1926 trigas
766 1866 818 1913 eliis
848 1867 961 1927 interis,
992 1869 1056 1930 «pria
1079 1868 1106 1916 lri
1131 1884 1178 1932 per
1201 1878 1257 1917 tres
1285 1885 1332 1918 ae-

193 1942 263 1985 tneo
286 1933 413 1983 lrorniaeu
437 1933 471 1981 ad
497 1948 526 1981 se
546 1934 670 1998 rapiunt,
697 1933 722 1981 irl
747 1939 789 1980 rest
813 1948 861 1996 per
887 1935 1033 1983 infantiam
1057 1936 1227 1985 iuuentutem
1251 1942 1332 2001 atque

192 2007 339 2051 senectam.
376 2000 474 2063 reiuga
492 2000 626 2049 nmximus
645 2016 739 2049 eurrus
758 2001 842 2049 eurrit
861 2001 933 2057 Inui.
964 2009 1075 2067 prepter
1098 2004 1167 2068 qumi
1187 2005 1333 2053 maximum

193 2070 299 2121 &onim
327 2084 436 2118 auorum
462 2083 522 2116 eum
545 2083 606 2117 ease
631 2068 754 2116 errulmrt.
795 2069 857 2117 irlee
886 2076 977 2118 autem
1007 2072 1074 2119 ratis
1101 2072 1251 2136 ‹lirarlrigae
1273 2089 1333 2122 cur·

193 2152 247 2187 rere
269 2137 381 2191 dicant.
410 2135 471 2184 siue
502 2136 566 2199 quia
592 2135 707 2184 muudus
735 2136 787 2184 iste
810 2136 907 2184 eirenli
936 2138 978 2185 siri
1001 2138 1146 2188 eeleritate
1170 2142 1335 2189 transcurrit

193 2204 247 2253 siue
265 2198 381 2271 propter
397 2202 497 2262 salem,
522 2203 587 2266 qaia
605 2201 718 2252 uolubili
738 2203 842 2251 ambitu
861 2209 947 2261 rotat,
967 2205 1040 2252 sieut
1059 2207 1099 2253 ait
1118 2207 1236 2254 Eunias:
1265 2208 1331 2256 lmle

193 2272 325 2336 antefecit
342 2271 429 2321 rarliis
448 2276 508 2319 rata
526 2270 645 2319 eandida
662 2270 778 2320 eaelum.
814 2277 917 2334 septem
937 2272 1030 2334 spania
1048 2272 1200 2335 quadrigae
1219 2282 1332 2325 eurrunt

194 2340 343 2389 relerentes
361 2338 413 2388 lroe
432 2337 467 2387 acl
486 2352 592 2387 cursum
611 2344 714 2402 sepuem
735 2337 885 2397 stellarum,
905 2338 1003 2401 quilms
1016 2339 1141 2387 mmulum
1156 2341 1213 2402 regi
1227 2342 1331 2399 dieunt,

192 2406 245 2455 aitte
269 2408 305 2455 ml
324 2420 432 2456 sursum
456 2410 560 2470 septem
579 2404 681 2453 dierum
701 2405 899 2469 praesentium¹
925 2404 1021 2468 quibus
1045 2407 1166 2469 peraetia
1184 2407 1257 2455 tritae
1277 2414 1330 2457 ter-

192 2474 275 2525 minus
293 2478 506 2532 consummatur,
527 2487 637 2536 amaram
658 2472 719 2520 linia
736 2478 780 2521 est
798 2476 875 2520 creta
894 2472 921 2521 iri
939 2479 981 2520 est
992 2471 1131 2521 imlieimn.
1162 2489 1242 2536 perro
1255 2477 1331 2539 eqni-

193 2550 229 2591 tea
245 2542 404 2607 singulares
428 2541 489 2589 irleo
513 2555 623 2589 currere
647 2540 754 2600 rliemrt,
779 2541 842 2604 quia
865 2540 1043 2601 singulariter
1066 2541 1251 2604 arrusquisque
1271 2556 1329 2590 enr-

193 2624 244 2659 mm
263 2610 342 2659 uitae
361 2608 441 2657 huius
457 2607 566 2671 peragit
585 2612 667 2673 atque
687 2608 797 2668 transit,
818 2607 888 2655 alius
902 2608 956 2655 alia
970 2614 1091 2672 tempore
1104 2622 1222 2670 sequens
1236 2608 1329 2670 aliurn,

193 2690 329 2741 perunam
338 2683 433 2725 tamen
445 2677 519 2724 iriam
538 2676 715 2724 mortalitatis
733 2690 817 2738 usque
832 2676 866 2723 ael
879 2676 1016 2740 propriam
1035 2681 1135 2723 metam
1150 2674 1251 2723 mertis.
1282 2676 1328 2724 ‹le-

193 2744 306 2795 raltores
324 2744 468 2805 nominati,
489 2743 558 2809 quem
577 2743 641 2791 nlim
661 2748 741 2808 prout
759 2743 873 2806 «piisque
893 2744 926 2791 ml
946 2743 1025 2791 tinem
1045 2759 1139 2792 eursus
1158 2749 1272 2791 rrerrerat
1285 2744 1330 2792 ‹le-

193 2812 301 2861 siliebat
315 2817 343 2860 et
356 2812 494 2871 currebat,
509 2810 566 2859 siue
581 2811 651 2874 qrrarl
665 2811 697 2858 rle
712 2826 780 2874 equa
794 2811 820 2858 in
835 2826 930 2875 eqmuu
950 2810 1136 2859 transiliebat..
1160 2810 1268 2875 perlites
1284 2826 1329 2858 au·

193 2884 241 2929 tem
254 2881 336 2930 aiunt
347 2884 477 2944 proptera
490 2878 559 2942 prule
573 2894 692 2937 enuere,
707 2879 770 2941 quia
784 2879 899 2942 pedibus
913 2879 1029 2927 curritur
1041 2878 1213 2928 irrartalitati.
1232 2878 1266 2926 ab
1279 2878 1331 2927 hue

194 2948 360 3013 asaperiora
378 2952 456 3011 parte
470 2952 580 2995 currunt
594 2946 636 3009 ml·
648 2946 792 3001 iuferiora,
813 2947 839 2994 id
859 2955 901 2994 est
920 2947 954 2996 ab
971 2946 1081 2995 erieute'
1096 2947 1130 2995 arl
1149 2945 1328 3003 (munientem¹

194 3016 252 3079 arria
270 3013 404 3064 nrortalea
421 3013 544 3062 oriuntur
562 3019 589 3060 et
608 3013 744 3061 aeeirlmrt.
781 3015 844 3061 mnu
859 3018 978 3075 uerrunt,
998 3014 1061 3078 qiua
1080 3019 1108 3060 et
1125 3013 1228 3062 hanriui
1247 3015 1274 3062 in
1288 3029 1330 3061 se-

194 3082 249 3132 rula
271 3082 367 3132 nullae.
391 3080 524 3144 reliquiae
548 3087 618 3129 sumt.
661 3088 736 3128 reeta
759 3082 849 3145 spatia
874 3087 997 3143 errarunt,
1022 3083 1087 3145 quia
1105 3082 1176 3130 iuter
1199 3082 1284 3131 uitam
1303 3088 1331 3129 et

194 3160 300 3199 mortem
324 3149 393 3198 nibil
417 3148 510 3197 distat.
545 3148 594 3197 sed
613 3148 681 3195 haee
706 3156 851 3213 prepterea
870 3150 987 3213 lingunt,
1012 3156 1040 3197 ut
1063 3150 1202 3197 uanitates
1221 3165 1285 3198 suas
1304 3155 1332 3197 et

196 3217 340 3283 merila-gia
359 3230 493 3265 exarmare
513 3221 653 3264 eeneutur.
692 3216 767 3264 eirea
787 3232 886 3265 eausas
910 3232 1015 3281 querque
1040 3215 1235 3266 elementorum
1259 3217 1330 3266 illem

193 3284 307 3345 gentiles
320 3284 404 3333 etiam
417 3282 524 3333 (talares
537 3298 664 3347 equmum
679 3283 837 3332 iunxerunt:
853 3300 944 3333 reseas
957 3286 1029 3333 enirn
1042 3284 1093 3332 sali
1108 3284 1134 3332 ia
1149 3291 1191 3333 est
1204 3285 1274 3345 igni,
1291 3285 1329 3334 al·

194 3350 236 3401 bmr
248 3352 323 3415 aeri,
342 3351 470 3416 prasinos
488 3355 593 3410 terrae,
607 3356 720 3399 uenatus
734 3353 800 3399 mari
820 3352 1013 3400 :assimilantes
1043 3352 1109 3400 item
1123 3368 1214 3400 reseas
1229 3353 1329 3401 aestati

193 3434 296 3469 rurrere
315 3418 468 3475 noluerunt,
490 3419 560 3482 qum
580 3417 653 3479 ignei
673 3418 772 3466 eoloris
791 3420 846 3467 sint
865 3424 892 3467 et
911 3424 1010 3467 euneta
1029 3424 1093 3467 tune
1107 3420 1270 3477 flaueseant‚
1289 3419 1329 3468 al·

193 3484 236 3535 bea
253 3486 348 3548 hiemi,
362 3487 433 3551 queri
452 3485 488 3534 sit
506 3485 636 3548 glaeialis
655 3491 680 3532 et
702 3487 849 3547 frigoribus
868 3487 996 3535 uniuersa
1010 3492 1170 3543 eaneseant,
1190 3487 1247 3535 ueri
1268 3504 1328 3551 pra·

192 3555 260 3605 rinos
283 3554 366 3603 uirirli
391 3553 497 3613 calore,
522 3553 585 3617 quia
609 3560 673 3600 turre
698 3557 842 3618 pampinus
865 3555 1004 3602 ‹lensatun
1046 3555 1109 3602 item
1134 3570 1228 3603 reseas
1247 3556 1329 3604 Marti

192 3628 376 3681 mrmrerunt,
396 3637 413 3670 a
426 3635 478 3684 quo
492 3621 605 3670 Romani
620 3621 785 3677 exoriantur,
806 3628 833 3670 et
851 3622 915 3685 «piria
933 3621 1036 3670 uexilla
1049 3622 1230 3670 llamuuarum
1245 3639 1330 3671 carseo

192 3688 363 3747 deserantur,
382 3688 441 3738 siue
460 3688 529 3752 qumi
548 3689 623 3737 ,tlara
642 3689 744 3749 gautlet
762 3690 905 3751 sanguine.
943 3689 1020 3737 albas
1039 3690 1165 3753 zephyria
1184 3696 1212 3738 et
1224 3691 1330 3739 serenis

192 3756 408 3823 tempestatibus,
426 3756 551 3819 prasinos
568 3756 625 3805 llari
646 3764 673 3804 et
691 3763 792 3812 terrae,
811 3763 925 3805 ueni-tas
944 3758 1021 3819 etquis
1039 3758 1083 3805 uel
1103 3757 1169 3813 aeri.
1190 3758 1254 3820 quia
1267 3774 1329 3806 eae·

192 3822 261 3873 mlea
279 3830 344 3873 srrnt
362 3823 464 3883 calare,
483 3822 570 3871 luteas
590 3824 616 3872 irl
636 3830 678 3871 est
697 3840 809 3872 erneeas
828 3825 885 3885 igni
905 3823 1004 3881 eremi,
1024 3839 1173 3889 purpureas
1188 3826 1223 3872 lri
1236 3841 1329 3874 sitiera-

191 3897 292 3953 uernat,
311 3907 392 3955 quem
412 3905 504 3939 aremn
522 3890 646 3951 «livinius,
666 3892 735 3954 ‹prrnl
755 3891 806 3939 iris
824 3891 953 3955 plurinum
972 3891 1079 3941 ealeres
1092 3893 1205 3941 lralreat.
1235 3893 1329 3955 sieque

191 3957 248 4007 ‹lum
266 3959 320 4008 hae
339 3958 513 4022 speetatinne
532 3958 642 4006 ‹leermu
663 3958 780 4006 vultibus
800 3966 884 4022 almae
904 3959 1048 4008 elementis
1066 3960 1250 4009 nurmlialilms
1268 3975 1326 4023 pro-

192 4025 330 4087 fanantur,
352 4025 461 4075 eamlem
480 4025 546 4073 ‹lerrs
566 4032 647 4088 atrpre
670 4026 766 4074 earlem
787 4025 924 4075 elementa
942 4027 1035 4091 proeul
1055 4029 1137 4076 «lubia
1157 4027 1248 4074 eslere
1268 4041 1328 4072 rias-

191 4092 303 4143 eaatur!
339 4093 376 4143 cf.
403 4091 524 4141 isidorus
542 4094 629 4156 origg.
651 4094 737 4142 xt'nl
757 4092 803 4153 aa,
827 4094 843 4140 2’
863 4096 1054 4143 (lassiarlerius
1072 4110 1130 4144 rar.
1155 4094 1193 4142 lli
1215 4092 1256 4140 at.
1282 4107 1327 4139 ex·

191 4162 283 4226 reripsi
302 4160 338 4210 ml
358 4160 457 4224 t‘ragm.
480 4159 572 4209 188*ss⁸

192 4260 389 4271 ——--..-.-.--

268 4326 286 4375 4
301 4332 434 4392 namque
449 4315 534 4372 initia
552 4317 726 4373 Selinusiae:
743 4333 811 4372 nam
836 4315 924 4394 aequi
945 4314 1028 4374 initia
1043 4319 1067 4373 A
1082 4311 1095 4394 ΙΙ
1110 4324 1126 4373 sr
1141 4308 1210 4388 seri]
1228 4319 1259 4369 et
1274 4318 1298 4370 A
1312 4310 1325 4392 11

190 4398 292 4459 lllati
307 4404 331 4455 A
347 4394 393 4478 118
409 4417 481 4456 uero
497 4404 521 4456 A
537 4396 551 4480 ΙΙ
566 4410 903 4458 uenetum—autumno
916 4420 969 4457 orn.
985 4405 1010 4456 A

1059 4493 1130 4556 22*

1051 4602 1073 4637 μ
