2964 5002
679 381 721 423 nn
744 358 873 425 rorrrs
1301 367 1342 426 77

192 529 363 594 ferebatur
398 551 480 617 apes
516 529 796 593 circumuolarunt
829 551 931 616 osque
964 528 1116 593 insedere
1149 529 1342 616 complures,

193 638 248 692 aut
271 629 400 693 dulcem
425 631 492 693 iam
517 638 586 693 tum
609 630 759 716 spiritum
789 631 859 693 eius
882 631 1070 695 haurientes
1088 639 1144 695 aut
1164 621 1342 695 facundum

194 729 376 816 etqualem
399 752 489 795 nunc
507 731 717 794 aestimamus
740 729 886 794 futurum
908 731 1143 817 significantes.
1179 733 1227 816 (a)
1250 753 1342 817 prae-

194 831 383 918 captoribus
396 841 476 895 tune
493 832 759 895 eminentissimis
776 841 826 895 est
842 831 989 896 eruditus
1007 854 1128 919 eosque
1146 833 1233 895 intra
1243 831 1344 896 breue

175 935 353 1019 stemporis
389 933 530 1017 spatium
564 932 696 1016 ingenio
725 931 939 1018 adaequauit,
974 955 1041 997 uua
1074 954 1153 996 uero
1176 933 1344 997 studentes

195 1035 366 1120 superauit
390 1032 604 1119 profectibus.
653 1032 848 1097 declamauit
877 1042 909 1096 ct
934 1055 1053 1118 graece
1082 1042 1114 1096 et
1142 1032 1243 1097 latin‘e
1270 1054 1343 1097 cum

194 1157 317 1220 magna
344 1133 562 1197 admiratione
588 1133 802 1197 audientium.
841 1135 884 1201 ob
914 1133 1001 1220 quod
1023 1134 1141 1220 puerili
1164 1142 1288 1198 mutato
1310 1135 1347 1199 in

194 1237 398 1301 senatorium
416 1233 540 1298 cultum
557 1243 589 1296 et
605 1234 639 1296 in
655 1236 805 1298 notitiam
825 1234 977 1314 Caesaris
999 1235 1139 1300 Neronis
1156 1235 1254 1299 facile
1272 1258 1344 1322 per-

194 1340 302 1419 uenit,
331 1345 365 1400 et
391 1336 514 1400 bonore
536 1334 674 1398 uixdum
690 1337 795 1412 aetati
818 1335 928 1401 debito
950 1336 1069 1420 dignus
1097 1335 1259 1400 iudicatus
1283 1343 1342 1399 est.

163 1442 301 1524 sogessit
334 1446 442 1501 autem
470 1445 696 1521 quaesturam,
729 1438 764 1500 in
791 1459 856 1520 qua
883 1459 955 1500 cum
985 1438 1119 1522 collegis
1149 1458 1239 1506 more
1267 1446 1344 1500 tunc

194 1543 319 1604 usitato
343 1558 469 1601 munus
504 1536 735 1620 gladiatorium
764 1537 867 1601 edidit
896 1538 1038 1602 secundo
1067 1538 1179 1624 populi
1214 1538 1343 1615 fauore;
1412 1591 1419 1601 .

195 1640 413 1707 sacerdotium
436 1640 535 1702 etiam
555 1639 681 1725 accepit
696 1648 885 1724 auguratus.
917 1639 1069 1726 equidem
1085 1639 1243 1703 hactenus
1264 1647 1344 1701 tern-

194 1763 276 1829 pora
300 1739 414 1804 habuit
436 1740 591 1803 secunda.
627 1762 711 1826 quae
733 1749 914 1827 sequuntur
942 1749 1051 1804 autem
1072 1747 1198 1802 mutata
1219 1739 1345 1802 inuidia

155 1882 161 1889 -
193 1854 226 1906 et
249 1842 328 1906 odio
348 1839 489 1905 Neronis
516 1840 580 1923 ipsi
602 1843 738 1904 exitium
767 1842 954 1906 domesticis
979 1840 1102 1925 luctum
1123 1840 1343 1905 miserabilem

164 1943 388 2015 reattulerunt.
427 1963 502 2005 eum
525 1944 609 2005 inter
634 1944 756 2006 amicos
778 1946 864 2007 enim
887 1944 1039 2008 Caesaris
1062 1950 1127 2005 tam
1150 1944 1344 2027 conspicuus

194 2045 289 2109 fieret
302 2042 470 2129 profectus
486 2041 586 2128 (eius)
606 2043 641 2106 in
655 2047 797 2129 poetica,
821 2044 1009 2131 frequenter
1024 2043 1141 2128 (Nero)
1159 2042 1343 2107 offendeba-

194 2157 266 2228 tur3
298 2147 418 2234 quippe
438 2154 472 2208 et
494 2144 671 2208 certamine
688 2149 909 2232 pentaeterico
928 2155 1001 2209 acto
1018 2147 1051 2208 in
1068 2144 1202 2230 Pompei
1218 2144 1345 2209 theatro

196 2248 351 2312 laudibus
379 2246 526 2310 recitatis
552 2245 587 2308 in
615 2244 778 2311 Neronem
802 2247 909 2310 suerat
931 2255 1122 2326 coronatus,
1151 2255 1183 2308 et
1205 2267 1248 2308 ex
1267 2255 1345 2308 tem·

194 2372 275 2435 pore
296 2347 430 2433 Orphea
453 2347 664 2434 seriptumin
689 2350 946 2435 experimentum
968 2347 1141 2411 aduersum
1163 2346 1346 2431 complures

165 2451 350 2514 sediderat
377 2456 490 2536 poetas
519 2456 551 2511 et
587 2457 653 2512 tres
686 2447 788 2514 libros
813 2449 927 2534 quales
954 2447 1113 2512 uidemus.
1157 2469 1257 2532 quare
1285 2449 1346 2510 ini-

197 2553 319 2615 micum
354 2550 417 2614 sibi
447 2550 570 2613 lecerat
602 2551 840 2635 imperatorem.
893 2573 957 2637 quo
987 2550 1161 2639 ambitiosa
1197 2551 1344 2635 uanitate

197 2675 261 2716 nou
285 2652 454 2715 hominum
475 2661 601 2715 tantum
623 2652 681 2715 scd
704 2661 736 2716 et
765 2653 882 2715 artium
907 2653 969 2716 sibi
992 2652 1211 2738 principatum
1240 2648 1344 2711 uindi-

198 2765 312 2834 cantc,
335 2753 545 2817 interdictum
567 2762 614 2816 est
639 2754 669 2816 ei
694 2757 837 2839 poetica,
862 2754 1069 2817 interdictum
1093 2759 1142 2814 cst
1159 2751 1256 2814 etiam
1271 2772 1344 2812 cau-

285 2959 316 3007 al
338 2974 394 3022 sqq.
412 2959 528 3007 Tacitus
546 2968 608 3010 aust.
628 2959 678 3008 XV
697 2959 742 3009 dil:
768 2961 919 3010 ‘Lucamum
938 2960 1065 3024 propriae
1091 2973 1192 3006 czarisne
1213 2956 1346 3005 accende·

199 3030 276 3090 bant,
297 3029 367 3090 quod
387 3027 489 3075 famam
509 3028 658 3075 carminum
676 3029 736 3077 eius
753 3029 897 3092 premebat
912 3029 985 3077 Nero
1003 3026 1235 3091 prohibueratque
1255 3031 1345 3073 osteu-

199 3104 258 3145 tare
279 3110 367 3143 rrauus
385 3092 618 3143 adsimulatione)

201 3213 402 3224 ....--—-

286 3281 527 3343 ‘linlrauricntes
556 3276 618 3360 ΜΗ
633 3282 798 3341 facundum
829 3287 965 3341 ii'eberas
985 3279 1169 3339 saecundum
1189 3282 1226 3334 W
1238 3298 1345 3336 secun·
1377 3351 1386 3357 ,

201 3369 273 3428 dum
295 3369 328 3424 M
346 3362 360 3446 Η
383 3376 399 3428 3
425 3366 629 3425 existimamus
655 3372 717 3425 edd.
741 3378 806 3426 acii.
827 3363 840 3449 Η
863 3389 881 3426 a
903 3372 1012 3426 adriirlit
1034 3369 1191 3437 Biporrtirra
1207 3359 1219 3443 Η
1235 3374 1251 3423 l
1268 3365 1347 3420 intra

201 3459 235 3512 ab
256 3457 321 3511 eud.
346 3470 432 3507 arona
455 3453 521 3508 adri.
550 3455 588 3508 W
604 3446 618 3532 Η
640 3465 655 3514 5
677 3454 813 3531 spacium
835 3455 869 3510 M
885 3448 937 3535 Η6
965 3461 996 3510 ct
1013 3470 1065 3509 orn.
1089 3453 1121 3508 M
1136 3448 1149 3531 Η
1163 3468 1254 3526 grece
1274 3449 1351 3504 MW

200 3540 208 3621 Ιῑ
228 3533 377 3613 9debito]
399 3535 508 3593 deuico
541 3540 579 3593 W
596 3536 609 3617 Η
631 3551 677 3596 est
697 3537 847 3596 iudicatus
867 3540 901 3595 M
919 3533 932 3618 Η
955 3548 983 3598 11
1002 3535 1107 3594 edudit
1126 3540 1160 3594 Μ
1173 3532 1186 3617 Η
1201 3531 1345 3592 secundo.

200 3627 299 3696 arripit
314 3624 341 3677 ir.
358 3625 375 3677 1.
393 3623 420 3676 B
435 3616 448 3702 Η
466 3628 497 3681 12
518 3633 683 3697 auguratus
704 3627 819 3680 everterit
834 3629 862 3679 iit
881 3626 908 3679 B
922 3617 935 3703 Η
956 3632 985 3682 14
1000 3620 1174 3681 domesticis
1192 3624 1219 3677 B
1234 3615 1248 3698 Η
1262 3617 1347 3674 luctu

199 3715 251 3768 sed
264 3715 406 3779 inpostea
423 3707 489 3761 (adri.
503 3709 530 3762 B
544 3702 557 3788 Η
573 3707 745 3766 miserabile
762 3711 788 3763 B
802 3703 815 3787 Η
835 3719 945 3789 lacurn
959 3724 1015 3764 om:
1036 3709 1099 3762 WB
1113 3702 1127 3788 Η
1144 3717 1177 3768 16
1189 3706 1346 3785 proiectus

201 3798 266 3854 eius
280 3795 400 3863 scripsi:
417 3790 572 3869 profectus
588 3797 654 3850 libri
672 3789 1026 3870 profectibustii'eberas
1040 3786 1054 3871 Η
1070 3793 1247 3871 frequenter
1264 3789 1346 3846 Nero

200 3876 412 3939 offendebatur
431 3879 549 3947 scripsi:
570 3879 747 3956 frequenter
766 3877 975 3935 offendebatur·
997 3879 1024 3932 B
1047 3877 1225 3956 frequenter
1246 3885 1346 3932 osten-

201 3965 331 4025 debatur
351 3962 385 4016 M
391 3963 427 4016 W
447 3960 625 4038 frequenter
645 3960 820 4020 offendebat
852 3965 988 4019 ii'cbcrus
1015 3954 1028 4039 Η
1052 3968 1081 4022 17
1106 3961 1294 4040 pentaterioo
1317 3955 1351 4011 M

200 4047 390 4130 pentaterico
402 4063 442 4101 aa
460 4049 634 4121 pentaerico
650 4067 727 4105 corr.
750 4048 982 4125 Wpeutetcrico
997 4049 1024 4102 B
1067 4046 1200 4124 pompeii
1215 4049 1240 4100 B
1255 4039 1269 4122 Η
1283 4051 1345 4098 tea·

199 4149 245 4195 tro
269 4136 333 4191 WB
350 4128 363 4212 Η
380 4141 411 4193 19
428 4129 589 4189 aduersum
612 4136 764 4189 cherrcs:
783 4152 819 4189 ac
834 4152 939 4190 uerum
961 4135 1026 4189 iibri
1070 4151 1136 4188 cum
1156 4130 1259 4207 plures¹
1283 4127 1319 4179 W
1333 4120 1345 4199 Η

199 4231 233 4282 tt)
247 4215 324 4294 tres]
344 4227 462 4276 ceteros
485 4218 621 4275 ii'eberas
637 4215 650 4301 Η
665 4228 695 4278 at
712 4219 845 4275 uanitate
858 4219 890 4274 M
901 4219 1016 4274 unitate
1041 4220 1078 4271 W
1090 4215 1224 4272 imitante
1250 4213 1273 4265 B
1286 4208 1296 4282 (
1298 4209 1349 4263 seri

199 4309 222 4365 it
236 4327 254 4362 a
273 4324 351 4361 marr.
369 4298 440 4376 sec.)
458 4297 470 4378 Η
485 4307 519 4358 2⁸2
530 4303 735 4362 uindicantem
762 4306 799 4359 W
809 4296 823 4383 Η
840 4312 874 4363 '23
889 4300 1082 4360 interdictum
1101 4302 1126 4354 B
1138 4297 1202 4374 (seri
1217 4298 1258 4353 iet
1273 4298 1348 4349 irater·

199 4392 260 4470 liri.)
276 4386 433 4450 interdum
461 4390 497 4444 W
510 4384 522 4466 Η
536 4391 678 4466 poeticae
694 4389 728 4443 M
