2964 5002
670 401 712 448 nn
735 404 852 449 nonnus
892 469 896 477 .
1289 386 1329 453 33

186 550 293 617 lbluio
314 549 492 619 Nobiliore
511 551 720 636 consulibus,
740 553 851 616 morbo
872 554 1073 641 inrplicalum
1097 575 1138 618 ex
1159 553 1270 619 dolore
1291 578 1329 619 ac

185 654 284 717 taedio
309 657 512 720 amissarum
539 655 740 719 sarcinarum
766 675 846 741 quas
875 656 907 718 iu
931 677 1014 718 naue
1036 656 1262 741 praemiserat,
1291 679 1330 720 ac

185 753 273 817 simul
297 754 491 847 fabularum
512 775 595 840 quas
617 776 720 817 nouas
744 754 876 818 fecerat.
910 754 1013 817 fuisse
1038 755 1157 819 dicitur
1174 756 1330 820 mediocri

186 864 323 937 statura,
347 856 467 939 gracili
487 876 639 940 corpore,
667 849 775 918 coloro
799 855 901 918 lusco.
943 854 1076 941 reliquit
1104 857 1217 935 filiam,
1246 878 1330 942 quae

168 966 255 1042 spost
280 958 385 1042 equiti
414 948 564 1042 Romano
593 957 718 1041 nupsit:
763 957 839 1017 item
862 954 1008 1018 hortulos
1032 972 1080 1018 xx
1102 957 1251 1039 iugerum
1275 959 1330 1020 uia

185 1058 291 1142 Appia
309 1055 353 1120 ad
374 1056 502 1119 llartis.
531 1077 594 1140 quo
611 1057 716 1140 magis
738 1056 838 1119 miror
852 1054 1004 1118 Porcium
1023 1056 1182 1120 scribere:
1207 1057 1330 1142 ‘Scipio

186 1156 262 1220 nihil
282 1158 315 1220 ei
331 1156 471 1242 profuit,
495 1155 576 1218 nihil
595 1154 743 1237 Laelius,
764 1155 1002 1219 nihthurins:
1023 1167 1133 1220 eorun'i
1157 1155 1212 1220 ille
1232 1180 1331 1243 opera

187 1278 225 1321 ne
259 1258 393 1336 domum
424 1255 557 1342 quidem
583 1255 698 1319 habuit
725 1253 991 1320 conducticiar'u’.
1047 1257 1143 1343 llnnc
1171 1257 1329 1321 Afranius

188 1359 317 1444 quidem
339 1357 494 1455 omnibus
515 1358 647 1421 comicis
668 1357 825 1442 praefert,
851 1358 997 1420 scribens
1017 1359 1050 1420 in
1072 1358 1328 1444 Compitalibus:

163 1490 184 1529 ¹·
337 1472 473 1537 Terenti
496 1494 560 1536 non
582 1473 784 1537 consimilem
807 1474 897 1538 dicas
918 1476 1112 1562 quempiam.

192 1590 354 1675 Volcatius
381 1600 491 1654 autem
522 1613 587 1654 non
620 1591 723 1656 solum
751 1590 877 1655 Naeuio
907 1601 939 1655 et
971 1590 1086 1656 Plauto
1115 1603 1146 1654 et
1175 1593 1328 1674 Caecilio,
1390 1586 1395 1593 ⁴

271 1896 345 1977 Cu]
369 1919 394 1956 c.
411 1920 439 1956 u.
461 1903 493 1956 A.
510 1898 569 1958 Gn.
588 1902 636 1958 CI)
655 1897 668 1980 Η
691 1901 823 1959 cornelio
840 1904 927 1959 AFG.
950 1921 1011 1960 cor.
1031 1906 1121 1960 ceteri
1141 1901 1154 1981 Η
1174 1922 1275 1959 marco
1295 1905 1331 1961 Ε.

193 2046 219 2093 el
233 1982 272 2095 ll.
293 2037 320 2092 F
332 2032 347 2117 Η
362 2032 518 2092 dolobella
535 2036 663 2093 BCDGZ
677 2030 691 2118 Η
708 2046 719 2097 1
738 2035 912 2093 consulibus
934 2037 1020 2093 ΒΕΖ.
1042 2047 1185 2097 consnnts
1206 2043 1238 2094 A.
1257 2039 1331 2094 oon‘l
1350 2049 1356 2063 ¹

195 2123 226 2178 B.
247 2130 327 2179 coss.
348 2123 399 2179 CF
417 2114 430 2200 Η
451 2117 636 2197 implicatum
660 2140 696 2179 ex
719 2122 906 2177 Bitschcliur:
936 2120 1114 2198 implicitum
1136 2142 1173 2180 ex
1199 2123 1330 2179 Rothius.

193 2200 343 2283 implicata
362 2222 399 2263 ac
415 2222 454 2261 ex
470 2208 502 2260 A.
520 2202 697 2281 implicitum
713 2205 775 2262 acri
790 2209 879 2261 celeri
893 2203 906 2284 Η
921 2213 937 2262 ·.)
954 2203 1036 2262 terlio
1060 2207 1133 2263 CDZ
1145 2201 1159 2287 Η
1175 2206 1329 2264 ammissa·

194 2307 251 2347 mm
266 2290 301 2346 E.
325 2287 475 2353 amissich
495 2290 522 2344 I)
537 2283 550 2368 Η
565 2289 752 2347 sarcinarum
770 2292 809 2360 A,
840 2290 898 2345 Vel.
918 2291 958 2359 (a.
981 2296 1076 2362 1512).
1098 2289 1268 2348 fabularum
1285 2307 1329 2347 ce·
1433 2302 1435 2307 ⁴

192 2378 249 2430 uri.
272 2383 446 2452 satyrarum
461 2372 493 2428 Sl
514 2369 527 2450 Η
548 2391 628 2450 quae
643 2375 670 2430 Ι)
692 2368 706 2454 Η
729 2391 808 2430 naue
828 2374 1010 2430 Bitscheliur.
1029 2367 1109 2432 naue
1127 2380 1159 2430 A.
1177 2375 1279 2431 nauini
1296 2376 1329 2430 F.

193 2459 257 2515 naui
270 2460 363 2515 celeri
375 2452 389 2536 Η
404 2456 584 2533 premiserat
603 2459 633 2514 Z.
655 2458 852 2535 premisserat
868 2453 916 2536 οΗ
932 2470 948 2517 4
963 2456 1064 2516 colere
1079 2462 1105 2515 B
1122 2453 1137 2538 Η
1160 2456 1290 2535 reliquid
1306 2462 1331 2514 A

193 2540 371 2623 liliamom.
391 2542 453 2608 BC,
469 2544 535 2614 egid.
557 2543 583 2596 B
600 2561 671 2616 mrp.
688 2535 701 2621 Η
717 2561 775 2620 que
794 2539 842 2619 ΖΗ
859 2554 874 2603 5
892 2552 961 2618 post
979 2546 1012 2598 A.
1032 2563 1084 2599 oni.
1105 2546 1194 2599 ceteri
1207 2536 1221 2620 Η
1236 2541 1332 2597 1an

192 2626 324 2701 luinulos
340 2626 449 2683 BCDF.
467 2632 548 2682 ortos
565 2628 587 2683 G
609 2619 622 2707 Η
643 2626 709 2700 uia,
726 2617 784 2683 non
800 2625 829 2684 in
842 2629 907 2695 uia,
928 2629 994 2683 libri
1008 2621 1020 2706 Η
1036 2635 1052 2688 6
1068 2627 1138 2704 apia
1157 2627 1179 2681 Ι)
1194 2619 1208 2703 Η
1223 2624 1330 2681 Martis

193 2714 365 2784 Schopenur.
385 2708 490 2766 martis
506 2709 609 2767 uillam
621 2713 687 2768 libri
700 2704 714 2790 Η
729 2711 870 2768 Porcium
888 2711 927 2766 St.
947 2723 1065 2788 portum
1091 2713 1119 2767 C.
1140 2709 1270 2786 portium
1285 2727 1329 2765 cc-

132 2797 136 2805 '
191 2800 241 2852 leri
259 2791 273 2876 Η
296 2794 402 2872 Scipio
419 2835 554 2850 ......
572 2793 792 2852 conducticiam
814 2799 854 2852 sic
880 2797 1061 2853 Ritschelius.
1099 2797 1177 2864 Quae
1197 2796 1331 2850 inlibris

191 2886 227 2935 ric
243 2882 419 2951 interpolata
438 2886 506 2934 sunt
525 2895 540 2934 e
551 2898 582 2950 p.
605 2885 655 2946 25,
674 2886 693 2934 A
710 2896 789 2951 sqq:
810 2880 905 2957 scipio
921 2878 995 2935 nihil
1015 2880 1128 2956 profuit
1147 2877 1221 2934 nihil
1241 2877 1329 2934 lolius

191 2963 260 3022 nihil
276 2963 389 3033 liuius,
408 2972 470 3019 tres
487 2981 542 3038 per
558 2961 636 3020 idem
653 2974 772 3039 tempus
789 2964 841 3041 qui
861 2962 1017 3039 agitabant
1034 2962 1151 3021 nobiles
1176 2961 1328 3019 facillime.

191 3067 290 3105 eorum
304 3046 359 3105 ille
376 3066 470 3124 opera
482 3065 521 3103 ne
535 3045 654 3105 domum
667 3046 790 3126 quidem
802 3047 907 3106 habuit
924 3045 1157 3116 conducticiam,
1176 3045 1283 3103 saltem
1298 3055 1330 3103 ut

191 3143 344 3210 essetque
362 3133 491 3189 referret
509 3129 621 3189 obitum
638 3130 749 3188 domini
767 3133 918 3190 seruulus.
968 3133 1019 3188 Vn·
1031 3136 1207 3206 siuqnlorum
1224 3134 1331 3188 discre-

189 3221 288 3289 pouu'a
307 3219 381 3273 hacc
399 3225 459 3271 est:
480 3215 574 3292 scipio
590 3214 683 3272 nichil
699 3217 812 3292 proluit
828 3223 859 3273 A.
879 3216 975 3293 scipio
997 3216 1041 3273 nil
1060 3216 1173 3294 profuit
1197 3217 1252 3271 GZ.
1274 3215 1330 3272 sci-

191 3302 268 3379 pioni
288 3299 333 3358 nil
347 3299 462 3377 profuit
478 3302 514 3355 E.
532 3298 606 3356 nihil
627 3297 747 3377 publius
763 3301 858 3378 scipio
876 3300 918 3358 nil
938 3301 1052 3378 profuit
1063 3304 1098 3357 F.
1115 3298 1190 3357 nihil
1205 3297 1331 3356 Publius

191 3385 292 3463 Scipio
324 3383 439 3462 profuit
465 3386 528 3440 ΑΜ.
551 3378 565 3465 Η
584 3383 660 3441 nihil
683 3383 772 3442 lelius
798 3384 872 3442 nihil
899 3384 993 3442 furius
1020 3388 1057 3442 B.
1085 3384 1128 3442 nil
1152 3383 1259 3454 Lelius
1289 3383 1332 3441 nil

191 3471 284 3527 furius
305 3472 340 3525 F.
359 3466 452 3525 nichil
476 3466 586 3525 ledius.
612 3467 707 3526 furius
723 3473 756 3526 A.
773 3469 848 3526 nibil
865 3471 891 3526 ci
907 3468 996 3528 lelius
1013 3469 1089 3528 nihil
1110 3469 1311 3541 firriusceleri
1324 3463 1333 3546 Η

191 3574 313 3632 operam
336 3553 444 3609 BCDF
468 3547 481 3632 Η
504 3551 626 3630 quidem
649 3551 767 3609 domurn
792 3556 846 3611 CG.
874 3552 1016 3611 “domum
1034 3551 1177 3631 “quidem
1203 3555 1238 3609 F.
1258 3551 1332 3630 quid

191 3638 308 3696 <lonium
327 3639 380 3693 BD
396 3633 409 3716 Η
423 3635 527 3694 habuit
542 3657 594 3693 om.
612 3639 638 3693 I)
653 3631 666 3716 Η
683 3633 873 3696 conducticia
887 3643 919 3694 A.
937 3637 1144 3695 conclutitiam
1161 3640 1196 3692 B.
1219 3635 1331 3692 conclu-

190 3723 284 3780 litiam
303 3724 339 3778 Ι).
363 3720 577 3779 conductitiam
595 3725 684 3778 ceteri
704 3716 717 3802 Η
737 3722 852 3779 rcfcrre
869 3725 895 3778 Ι)
915 3718 928 3802 Η
954 3721 1066 3780 obitum
1089 3764 1170 3779 ....
1195 3717 1331 3780 scribens

190 3828 239 3863 om.
257 3811 280 3862 G
298 3803 311 3884 Η
327 3818 343 3866 u
355 3805 478 3884 quidam
491 3807 524 3860 Ι).
542 3805 651 3884 quidB
664 3800 678 3884 Η
693 3808 808 3882 prefert
818 3809 847 3862 Z.
864 3807 1011 3884 praeferri
1024 3809 1108 3863 BCF.
1122 3824 1174 3863 om.
1188 3807 1214 3859 Ι)
1229 3799 1242 3883 Η
1259 3805 1332 3861 scri·
1373 3863 1375 3867 ,

190 3891 276 3949 berea
294 3892 323 3946 B
335 3885 349 3970 Η
367 3888 601 3967 Compitalibus]
621 3910 643 3946 v.
659 3900 731 3962 2911.
751 3897 807 3947 m
828 3893 909 3951 Ribb.
926 3885 939 3970 Η
958 3903 990 3951 10
1004 3891 1131 3948 Terenti
1153 3909 1213 3944 non
1235 3888 1331 3944 cousi-

191 3976 288 4033 milenr
304 3977 486 4031 Rilsclrclius.
507 3974 628 4031 terentii
646 3995 705 4032 non
722 3974 850 4032 similem
870 3978 900 4030 A.
926 3976 1055 4032 terentio
1067 3994 1127 4030 non
1143 3971 1270 4029 similem
1287 3989 1331 4027 ce-

189 4066 255 4128 leri,
268 4064 327 4116 nisi
341 4063 419 4132 quod
430 4057 558 4116 similem
578 4079 637 4115 non
654 4064 690 4128 G,
709 4057 858 4115 “similem
876 4057 957 4115 “non
976 4062 1004 4115 F
1017 4055 1030 4138 Η
1046 4057 1130 4115 dicas
1150 4056 1343 4128 Bitschrlius,⁴

191 4144 293 4202 diceus
314 4148 391 4202 libri.
419 4142 503 4200 dices
529 4146 591 4199 Aul.
613 4137 626 4223 Η
648 4140 835 4221 quenquam]
854 4144 881 4217 (Ῑ
892 4138 947 4223 Ι)Η
967 4155 992 4204 ll
1012 4141 1170 4200 Volcatius
1187 4142 1226 4193 F:
1254 4138 1334 4205 apud

190 4234 306 4287 Gellium
323 4234 443 4287 13224.
470 4226 617 4284 uuloatius
639 4229 774 4284 BCEGZ.
795 4227 949 4284 Vulcanus
964 4229 1014 4282 AI)
1036 4221 1048 4305 Η
1072 4223 1161 4290 nenio
1183 4218 1310 4276 ABCllZ
1323 4212 1331 4292 Η

146 4306 154 4320 ’
190 4334 224 4371 er
237 4315 342 4393 plauto
359 4311 480 4370 encclin
496 4316 530 4368 A.
553 4319 584 4369 et
599 4311 708 4388 planco
724 4321 754 4369 et
771 4311 848 4370 celio
870 4313 906 4368 l).
924 4320 954 4369 ct
973 4311 1077 4388 planto
1094 4316 1125 4365 el
1145 4301 1270 4363 caecilio
1286 4315 1331 4354 cc·

190 4404 253 4467 leri,
274 4403 333 4457 nisi
350 4400 429 4470 quod
445 4395 551 4453 cecilio
570 4398 643 4452 ΒΕΖ

251 4511 377 4551 svarour
396 4496 459 4548 aar..
1111 4487 1130 4547 3
