2964 5002
169 341 232 404 204
672 352 801 395 aaarvu

167 526 188 568 a
208 511 328 591 puncto
350 501 507 584 efficitur,
530 501 635 565 denuo
657 500 743 588 quod
767 509 889 564 motum
912 521 1007 564 exse
1028 498 1161 580 habeat,
1185 497 1306 564 deinde

167 606 253 693 quod
276 613 386 669 careat
413 605 433 681 †
456 603 577 668 iudieio
605 602 813 689 angulorum,
842 612 875 666 et
902 601 989 689 quod
1016 602 1050 664 in
1075 625 1110 666 sc
1137 599 1306 665 stellarum

167 708 289 794 figuras
307 728 419 770 omnes
441 705 603 787 includat,
626 714 660 769 et
680 704 768 791 quod
794 715 916 770 motum
938 702 1145 768 inerrabilem
1168 702 1305 787 habeat3

168 811 194 875 si
213 809 344 896 quidem
366 829 426 872 sex
446 806 501 871 alii
524 816 630 871 motus
647 806 804 871 errabiles
823 816 911 871 sunt:
935 815 1010 870 ante
1033 828 1052 868 a
1075 816 1168 891 tergo
1189 805 1307 871 dextra

167 912 326 998 laeuaque
348 931 475 974 sursum
498 908 729 997 deorsumque,
750 918 913 996 postremo
936 916 968 973 et
994 907 1081 996 quod
1109 909 1327 972 necessitates

168 1014 343 1094 efficiatur,
362 1025 400 1075 ut
419 1011 500 1076 haee
521 1012 595 1075 axis
615 1010 702 1075 ultra
719 1011 876 1076 circulum
895 1011 969 1074 duci
990 1033 1055 1075 non
1074 1012 1190 1096 possit.
1229 1008 1305 1074 Duo

167 1125 243 1179 sunt
270 1123 379 1179 autem
401 1113 423 1192 †
448 1135 529 1178 axes
560 1113 677 1200 quibus
699 1113 823 1178 eaelum
848 1112 1005 1177 uoluitur:
1049 1128 1184 1176 Bosuvs
1209 1134 1305 1199 quern

166 1239 226 1282 nos
248 1232 469 1294 stmourvu
490 1237 644 1280 nocemus
666 1215 779 1280 -hic
798 1206 915 1297 ἄρκτοι
936 1222 1011 1279 sunt
1035 1213 1069 1278 id
1094 1222 1143 1278 est
1167 1224 1305 1302 septem·

166 1319 307 1403 triones,
343 1319 399 1406 qui
424 1318 519 1383 uobis
548 1340 675 1405 semper
702 1325 861 1405 apparent
890 1356 928 1366 -
954 1318 1008 1382 eui
1040 1316 1226 1381 contrarius
1256 1324 1307 1380 cst

185 1493 231 1543 uia
248 1492 345 1542 dextra
363 1490 435 1542 caeli
453 1490 552 1540 altiora
569 1497 645 1554 sunt,
668 1506 764 1557 pressa
777 1491 886 1543 Austri)
911 1490 957 1542 37:
976 1490 1027 1539 ‘De
1045 1488 1203 1540 cardinibus
1222 1489 1305 1539 caeli.

167 1510 302 1611 &ardinor
316 1559 388 1610 eaeli
401 1563 540 1609 extremae
554 1566 646 1625 partes
660 1565 722 1610 sunt
735 1560 802 1611 axis.
828 1565 856 1611 et
868 1560 960 1611 dictas
973 1558 1099 1609 cardines
1113 1573 1159 1619 eo,
1173 1557 1246 1623 quod
1258 1573 1307 1624 per

168 1645 215 1679 eos
228 1629 343 1679 uertitur
355 1626 471 1688 caelum,
485 1626 530 1674 uel
544 1629 609 1693 quis
620 1627 691 1678 sieut
703 1644 751 1677 cor
762 1625 927 1678 uoluuntur!
952 1625 997 1679 ³8:
1011 1627 1063 1676 ‘De
1076 1626 1208 1676 conuersis
1223 1624 1304 1676 eseli.

168 1696 298 1747 Conuexa
316 1701 407 1747 aritom
426 1693 498 1744 eseli
517 1700 638 1745 extrema
656 1695 714 1745 cius
732 1702 808 1758 suut,
830 1696 999 1745 a·curuitate
1017 1694 1106 1755 dieta,
1124 1699 1155 1742 ut
1168 1700 1211 1742 est
1223 1692 1304 1744 illud:

168 1764 323 1814 convexum
342 1762 448 1829 quoties
466 1761 571 1812 claudit
587 1780 639 1813 uox
658 1763 768 1814 humida
785 1763 901 1814 eaelum.
928 1763 1083 1813 Conuexum
1103 1761 1175 1811 enim
1194 1776 1306 1813 curuum

168 1839 217 1896 est,
231 1832 310 1896 (prasi
323 1845 483 1881 conuersum
496 1845 545 1880 scu
557 1830 718 1881 inclinatum
732 1830 806 1880 etad
819 1832 927 1881 modum
940 1829 1035 1881 circuli
1048 1827 1168 1880 flexum!
1193 1827 1241 1880 39:
1255 1830 1306 1881 ‘De

166 1900 256 1950 ianuis
269 1898 349 1949 caeli.
375 1898 479 1947 Ianuse
492 1899 565 1949 eseli
577 1900 647 1949 duae
660 1905 731 1961 sunt,
745 1899 834 1948 oriens
847 1904 876 1949 et
887 1914 1011 1950 occasus.
1029 1915 1093 1948 nam
1105 1912 1162 1948 una
1174 1903 1254 1963 porta
1264 1896 1305 1947 sol

167 1966 292 2032 procedit
314 1965 371 2016 alis
388 1982 418 2015 se
436 1965 556 2032 recipit)
592 1967 638 2017 40:
659 1969 710 2017 ‘De
728 1968 839 2032 gemina
857 1968 933 2017 faeie
952 1966 1032 2017 caeli.
1057 1966 1160 2016 Facies
1174 1964 1303 2016 caelius!

167 2041 251 2101 caput
265 2032 409 2085 orientalis
426 2034 504 2098 regio
522 2039 578 2098 est,
601 2035 699 2085 ultima
711 2035 945 2101 septentrionalis.
971 2035 1004 2084 de
1023 2050 1076 2100 qua
1094 2035 1237 2084 Lucanus:
1255 2032 1303 2083 sie

166 2102 260 2154 mundi
272 2118 337 2168 pars
349 2102 405 2151 ima
417 2103 502 2163 iacet,
522 2119 602 2167 quam
615 2119 685 2153 zona
702 2103 804 2153 niualis
816 2104 1026 2168 Perpetuaeque
1040 2106 1168 2168 premunt
1179 2098 1301 2152 hiemes)

166 2170 211 2221 41:
230 2170 288 2220 ‘De
301 2175 430 2235 quattuor
442 2171 576 2235 partibus,
602 2171 716 2223 climata
733 2171 806 2222 caeli
828 2170 856 2221 id
875 2176 917 2221 est
938 2171 1040 2238 plagae
1059 2170 1105 2219 usl
1118 2175 1214 2236 partes
1225 2173 1302 2235 quat·

165 2248 227 2290 tuor
239 2244 313 2302 sunt,
328 2255 361 2288 ex
374 2237 473 2304 quibus
484 2239 574 2304 prima
586 2255 651 2305 pars
669 2239 815 2290 orientalis
828 2255 858 2291 rs
878 2239 905 2290 io
919 2245 975 2300 est,
995 2238 1066 2288 unde
1079 2238 1194 2303 aliquae
1206 2236 1306 2288 stellas

166 2308 298 2358 oriuntur.
324 2304 446 2356 secunda
463 2306 659 2371 occidentalis,
679 2308 726 2358 ubi
743 2308 823 2358 uobis
841 2255 951 2372 aliquae
968 2307 1068 2357 stellae
1087 2305 1228 2356 occidunt
1252 2311 1305 2356 tor·

165 2377 207 2425 tia
219 2373 455 2440 septentrionalis,
468 2373 515 2423 uhi
528 2373 568 2426 sol
580 2375 709 2441 peruenit
720 2377 749 2424 in
761 2375 858 2425 diebus
871 2375 1028 2425 maioribus.
1053 2381 1152 2440 quarta
1165 2372 1306 2435 australis,

165 2444 213 2493 nbi
227 2443 267 2494 sol
280 2442 409 2509 peruenit
420 2443 548 2492 noctibus
561 2444 718 2494 maioribus.
743 2445 835 2493 oriens
849 2448 940 2493 alitem
958 2443 993 2492 ab
1013 2448 1075 2492 ortu
1093 2442 1160 2492 solis
1179 2447 1223 2493 est
1239 2458 1307 2493 nun-

167 2514 291 2578 cupatus.
303 2510 434 2561 occidens
447 2509 516 2575 quod
529 2511 602 2561 diem
616 2513 686 2563 facit
698 2511 825 2561 occidere
840 2517 922 2576 atque
936 2511 1058 2560 interire.
1072 2510 1223 2560 abscondit
1234 2512 1306 2561 enim

167 2581 257 2629 lumen
271 2578 369 2628 mundo
383 2583 411 2627 et
424 2579 552 2628 tenebras
565 2580 761 2645 superinducit.
787 2580 939 2644 septentrio
952 2585 1043 2629 autem
1058 2594 1074 2627 a
1092 2583 1200 2643 septem
1218 2576 1308 2629 stellis

167 2649 227 2698 axis
240 2653 364 2708 uocatus,
386 2661 455 2709 quae
469 2647 497 2694 in
511 2649 570 2711 ipso
583 2647 725 2696 reuolutae
739 2653 870 2697 rotantur.
895 2647 940 2697 hie
959 2647 1067 2712 proprie
1084 2646 1188 2696 dicitur
1206 2654 1235 2696 et
1247 2662 1306 2697 uer·

167 2724 212 2766 tex
227 2732 258 2764 eo
272 2714 342 2779 quod
355 2714 479 2762 uertitur.
499 2715 627 2765 meridies
641 2721 732 2765 autem
746 2721 847 2765 uocata
859 2715 904 2764 uel
919 2715 984 2780 quia
997 2715 1036 2763 ibi
1048 2714 1088 2763 sol
1103 2715 1175 2763 facit
1187 2715 1306 2765 medium

166 2785 238 2833 diem
253 2783 331 2846 quasi
344 2780 487 2841 medidies,
500 2783 545 2832 uel
559 2784 625 2847 quia
638 2790 702 2832 tune
716 2785 809 2847 purius
822 2784 906 2832 micat
919 2783 1030 2842 aether;
1050 2798 1152 2832 merum
1172 2783 1246 2832 enirn
1259 2798 1307 2848 pu-

166 2868 223 2900 rum
237 2851 347 2899 dieitur.
360 2855 424 2897 sunt
437 2858 464 2899 et
477 2850 534 2900 alia
547 2852 598 2900 VII
611 2851 725 2901 elimata
743 2851 815 2900 caeli
840 2852 918 2915 quasi
932 2851 984 2899 VII
1002 2851 1093 2900 lineae
1108 2850 1143 2898 ab
1157 2851 1265 2900 oriente
1278 2852 1306 2900 in

166 2918 352 2976 occidentem,
371 2916 421 2965 suh
440 2919 538 2982 quibus
557 2926 584 2969 et
602 2935 689 2969 mores
706 2919 844 2969 homiuum
858 2919 982 2984 dispares
996 2925 1078 2983 atque
1092 2918 1228 2968 animalia
1247 2935 1307 2985 spc-

166 2986 277 3036 cialiter
289 2985 399 3033 diuersa
412 2993 570 3047 nascuntur,
585 3002 656 3049 quae
670 2993 828 3051 nuncupata
842 2993 904 3036 sinit
922 3004 938 3036 a
955 2986 1024 3036 locis
1037 2986 1199 3050 quibusdam
1220 2988 1305 3037 t'amo-

165 3048 212 3113 sis,
232 3067 343 3118 quorum
355 3052 458 3116 primus
473 3060 515 3103 est
527 3055 638 3115 Merois,
653 3055 789 3104 secundus
802 3057 901 3118 Syene,
923 3055 1022 3105 tertius
1036 3054 1209 3105 Cataehoras
1224 3056 1306 3105 idest

165 3123 269 3180 Africa,
289 3125 402 3185 quartus
415 3121 534 3183 Rhodus,
549 3123 659 3186 quintus
672 3122 883 3187 Hellespontus,
905 3130 998 3171 sextus
1010 3124 1202 3186 Mesopontus.
1222 3125 1305 3189 septi·

165 3205 223 3238 nius
242 3187 447 3238 borusthenes)
471 3190 517 3239 4⁴2:
542 3191 592 3239 ‘De
611 3190 829 3256 hemisphaeriis.
858 3190 1097 3255 Hemisphaerium
1111 3190 1225 3239 dimidia
1244 3207 1305 3256 pars

164 3258 300 3323 sphaerae
319 3261 369 3306 cst.
394 3256 824 3324 hemisphaerionsupraterraru
844 3265 886 3309 est
904 3275 937 3308 ea
950 3275 1013 3323 paru
1027 3258 1113 3320 caeli,
1133 3273 1204 3323 quae
1230 3276 1306 3309 uno-

165 3326 207 3375 bis
227 3330 286 3376 tota
304 3324 427 3374 uidetur:
445 3325 668 3392 hemisphaerion
687 3326 829 3375 subterra
848 3333 904 3389 est,
929 3343 999 3390 quae
1021 3327 1109 3375 uideri
1130 3343 1184 3375 non
1203 3334 1306 3391 potest,

165 3393 293 3457 quatndiu
313 3393 361 3441 sub
380 3398 455 3442 terra
474 3394 575 3443 ruerit)
608 3396 650 3443 ef.
681 3395 800 3444 isidorus
822 3396 908 3460 origg.
933 3395 1033 3443 x1115
1055 3395 1249 3445 Cassiodorius
1272 3397 1306 3446 dc

165 3462 271 3511 artibus
291 3477 324 3510 ae
342 3460 497 3526 disciplinis
515 3461 671 3512 liberalium
688 3463 844 3512 litterarum
863 3479 923 3529 eap.
937 3463 1012 3512 VIII.
1031 3490 1063 3496 —
1087 3463 1216 3527 Hyginus
1230 3466 1259 3514 P.
1274 3465 1305 3514 Α.

166 3566 313 3574 ——-.-——-..-
330 3564 367 3572 -η

248 3627 264 3677 2
282 3614 392 3674 iudicio
416 3620 469 3674 AB
489 3617 636 3676 incisione
658 3622 729 3676 coni.
750 3621 876 3676 Griolr'us
895 3617 1005 3677 indicio
1027 3622 1168 3675 Areealus
1184 3613 1197 3700 ΙΙ
1212 3639 1306 3697 ange·

164 3705 260 3760 lorurn
277 3698 314 3759 A²
331 3699 344 3781 Η
358 3722 391 3759 se
404 3722 456 3760 om.
470 3707 493 3759 A
509 3697 521 3785 Η
538 3703 693 3761 stellarum
710 3706 764 3760 AB
778 3707 845 3761 libri
858 3723 953 3761 omnes
970 3707 1062 3762 Griali
1082 3711 1201 3762 ceteras
1225 3708 1308 3780 culpo

166 3786 207 3865 {lit
225 3788 386 3846 inerrabile
408 3784 443 3844 ,p
464 3788 673 3846 inennarabile
696 3785 734 3846 A2
760 3788 993 3847 inenarrabilem
1014 3792 1040 3845 Β
1056 3782 1068 3868 ll
1084 3807 1100 3849 s
1118 3798 1217 3847 rnotos
1238 3788 1276 3846 ΒΙ
1293 3789 1307 3867 ll

163 3872 342 3932 inerrabiles
368 3874 392 3928 B
415 3895 428 3928 a
448 3895 461 3928 s
479 3899 493 3928 ι
517 3872 628 3932 rabiles
646 3878 670 3931 A
692 3874 932 3932 inennarrabiles
949 3871 985 3931 A²
998 3870 1013 3994 ql
1030 3875 1089 3933 sint
1111 3869 1251 3955 Allante
1276 3885 1308 3934 at

164 3980 236 4036 ergo
250 3963 272 4015 A
288 3969 359 4017 ants
376 3977 448 4034 ergo
469 3954 519 4039 ΒΙΙ
536 3970 679 4019 5rursnrn
697 3965 720 4016 A
736 3957 748 4037 ¹}
765 3958 944 4018 deorsuume
968 3961 1001 4017 Β
1032 3960 1174 4018 deorsurn
1197 3966 1305 4018 Areva·

163 4051 208 4103 Ius
227 4041 241 4124 ll
261 4052 443 4122 postremum
473 4047 497 4099 Β
520 4054 766 4123 postremumque
789 4050 811 4102 A
841 4040 854 4125 ll
871 4048 1073 4104 neccessitate
1097 4038 1150 4124 All
1165 4054 1182 4107 6
1198 4043 1245 4124 ut]
1263 4068 1306 4104 *a

164 4141 196 4188 ut
221 4134 247 4187 Β
265 4138 296 4187 ut
320 4129 345 4186 a
365 4133 388 4184 A
408 4123 421 4207 ll
443 4148 482 4185 ee·
500 4126 538 4185 Β1
560 4125 573 4209 ll
596 4137 684 4189 extra
712 4128 748 4187 B¹
770 4125 820 4209 lli
847 4151 921 4188 axes
950 4134 1027 4190 ABO
1055 4130 1116 4207 poli
1139 4130 1304 4212 Areoaluall

164 4215 288 4274 horrens
310 4219 334 4272 A
355 4213 463 4271 boreas
485 4217 511 4271 Β
526 4209 571 4294 ll&
593 4215 734 4295 aquilone
752 4211 842 4272 BA²O
863 4211 875 4297 [Ι
896 4216 963 4274 hieu
987 4221 1010 4273 A
1035 4216 1106 4273 hine
1124 4219 1146 4274 0
1167 4210 1180 4296 ss
1202 4224 1307 4275 arctoe

165 4304 191 4356 Β
203 4312 286 4359 arete
303 4296 337 4357 A¹
361 4300 442 4357 arcio
462 4296 498 4356 Α2
520 4298 649 4358 arduaO
666 4295 679 4382 ll
694 4310 763 4359 sunt
786 4303 812 4358 B
834 4305 862 4357 in
882 4320 940 4358 ros.
956 4295 969 4382 ΙΙ
986 4300 1016 4359 id
1039 4309 1084 4359 est
1096 4298 1132 4357 A¹
1149 4300 1232 4360 idem
1243 4297 1305 4381 ΑἿξ

165 4386 379 4464 septentrionis
395 4389 419 4442 A

734 4472 744 4497 s
