2964 5002
673 351 776 393 cornu
800 352 824 392 11
1249 340 1305 401 431

178 520 240 561 esse
264 499 371 577 docui,
400 500 441 562 de
467 503 556 561 annis
582 501 734 561 solstitiali
760 502 857 562 lunari
885 505 934 564 vel
964 506 1111 566 communi
1139 506 1314 567 embolismo

177 602 297 663 bisoxto

172 774 175 778 A
252 705 363 785 ltaque
384 707 415 764 in
431 704 488 763 hoo
512 705 612 784 capite
627 706 777 767 Isidorum
792 707 920 767 Suetoni
944 708 1076 772 auctoris
1097 708 1228 786 vestigia
1244 730 1312 788 pre·

174 827 250 867 mere
269 818 388 869 remota
410 807 531 868 demum
551 817 583 867 et
603 808 756 887 explicata
772 808 839 888 ipss
863 809 915 867 illa
930 810 1110 869 confusione
1126 810 1314 871 intellectum

173 918 229 981 cst,
256 929 349 990 quam
368 908 462 968 nolim
481 908 654 968 Beckerum
681 930 738 988 pro
759 909 870 968 indicio
895 911 1039 990 antiquae
1061 910 1237 971 eruditionis
1259 913 1312 973 ba·

172 1008 282 1075 buisse.
305 1008 419 1071 deinde
430 1030 492 1069 non
503 1020 678 1090 poteramus
688 1021 783 1071 tetum
794 1021 898 1090 eaput,
917 1011 1005 1091 'quod
1020 1012 1143 1091 quidem
1154 1014 1312 1074 Beckerus

171 1110 300 1183 voluisse
312 1110 449 1185 videtur,
463 1111 611 1173 Suetonio
620 1112 780 1195 restituero
791 1158 798 1185 ,
810 1133 878 1173 cum
889 1113 928 1172 ab
940 1115 1065 1195 aritiqua
1075 1114 1220 1173 memoria
1228 1125 1314 1174 certa

170 1213 210 1272 rei
220 1213 343 1273 ratiorm
358 1232 536 1290 cogeremur
548 1224 581 1273 ut
591 1214 713 1274 novicia
723 1215 879 1296 paschalis
892 1214 972 1295 cycli
988 1215 1126 1275 instituta
1137 1235 1311 1276 secernere-

169 1335 242 1377 mus.
259 1316 324 1377 ium
333 1336 408 1377 vero
421 1316 522 1393 capito
533 1316 662 1396 septimo
671 1317 828 1377 Beckerns
840 1317 990 1377 Isidorum
1002 1339 1020 1376 a
1031 1317 1177 1377 Suetonio
1189 1317 1309 1377 obsces-

168 1414 244 1479 sisse
260 1426 356 1499 atque
377 1417 417 1477 ad
432 1428 536 1498 patres
553 1418 780 1480 ecclesiasticos
795 1430 826 1480 et
839 1420 955 1500 Hygini
971 1418 1216 1498 scholiastseque
1235 1419 1311 1479 (ler-

167 1520 278 1579 manici
294 1519 464 1581 enchiridia
476 1541 510 1580 se
520 1521 708 1581 convertisse
724 1529 827 1601 putat,
847 1521 918 1580 dum
930 1541 956 1581 o.
975 1520 1136 1581 XXXVII
1147 1520 1256 1579 iterum
1272 1519 1311 1581 ad

166 1619 381 1700 Tranquillum
391 1622 555 1699 refugeret.
572 1642 631 1702 quo
644 1622 756 1682 iudicio
769 1624 880 1682 falsum
893 1644 961 1683 eum
973 1643 1041 1683 esse
1051 1642 1120 1682 mox
1131 1621 1311 1682 videbimus.

249 1723 343 1783 Nune
366 1723 575 1804 quaerendum
597 1733 657 1797 est,
685 1725 715 1782 in
742 1726 826 1784 cuius
849 1725 1018 1803 argumenti
1040 1724 1238 1784 continuitate
1264 1745 1310 1783 re-

166 1824 281 1906 liquiae
299 1824 389 1898 illae,
404 1846 480 1908 quas
497 1837 549 1887 aut
564 1835 646 1886 certo
662 1825 772 1885 Isidori
793 1824 964 1887 testimonio
986 1837 1037 1886 ant
1056 1829 1162 1904 sagaci
1179 1828 1312 1889 Beckeri

166 1925 396 2006 investigationi
423 1927 585 2002 debemus,
617 1929 689 1989 elim
713 1929 743 1987 in
770 1929 898 1989 Suetoni
922 1931 1019 2008 pratis
1042 1931 1161 2009 positae
1188 1930 1310 1991 fuerint.

166 2036 259 2111 atque
292 2029 380 2111 ipsae
411 2050 467 2110 per
500 2050 535 2090 se
569 2030 644 2091 satis
670 2050 708 2089 ea
741 2031 850 2112 quibus
879 2031 950 2091 olim
976 2031 1057 2091 telae
1080 2033 1216 2093 intortae
1246 2032 1310 2092 fue-

166 2131 225 2191 rint
245 2131 301 2191 fila
320 2132 492 2192 ostendunt.
528 2133 657 2212 primum
681 2131 950 2212 animadvertimus
975 2131 1051 2191 duos
1073 2152 1188 2214 eosque
1212 2132 1310 2192 direr-

168 2233 304 2295 sissimes
332 2234 483 2314 siquidem
513 2235 705 2314 antiquorum
735 2235 915 2313 scriptorum
945 2253 1059 2293 morem
1092 2245 1214 2313 spectas
1244 2254 1310 2294 ern·

167 2333 291 2422 ditionis
312 2334 397 2396 locos
415 2336 549 2397 traetnri.
588 2335 627 2395 ad
643 2337 735 2396 alium
752 2338 830 2396 enim
852 2334 1016 2394 referenda
1035 2354 1104 2394 esse
1127 2345 1241 2395 eertum
1265 2345 1312 2394 est

167 2456 247 2519 quse
261 2437 445 2500 Suetonium
465 2437 504 2497 de
527 2436 633 2498 diebus
652 2438 691 2498 de
706 2447 795 2498 nocte
816 2437 854 2496 de
870 2434 1025 2497 mensibus
1042 2434 1080 2495 de
1101 2437 1187 2494 annis
1208 2435 1310 2514 dispu-

169 2550 250 2601 tasse
286 2539 464 2614 didicimus,
497 2539 536 2600 ad
564 2540 656 2599 alium
690 2559 771 2619 quae
796 2539 934 2598 Isidorus
966 2558 1035 2597 eum
1068 2535 1106 2595 de
1138 2536 1237 2594 ventis
1270 2534 1309 2594 de

168 2642 263 2719 signis
294 2650 510 2721 tempestatum
533 2640 572 2701 de
597 2641 769 2701 nominibus
797 2643 890 2701 maris
913 2650 944 2700 et
968 2641 1121 2699 fluminum
1147 2635 1309 2715 tradidisse

168 2742 253 2803 dixit.
281 2743 364 2824 quod
376 2743 498 2825 quidem
515 2743 559 2803 sie
572 2743 705 2820 accipias
720 2742 830 2815 nolim,
854 2743 941 2823 qnasi
953 2743 985 2802 in
999 2738 1186 2801 naturalibus
1200 2758 1309 2819 quaes-

168 2844 301 2907 tionibus
329 2847 468 2924 potuisse
493 2856 663 2924 temporum
689 2846 873 2905 mentionem
894 2847 959 2905 fiori
979 2844 1169 2922 negaverim3
1199 2841 1254 2901 sed
1274 2841 1308 2901 il-

168 2946 220 3009 lud
243 2948 446 3009 certissimum
470 2946 584 3020 babeo,
613 2949 727 3027 quippe
752 2948 836 3028 quod
859 2946 1025 3007 stabilitum
1048 2948 1088 3006 sit
1111 2945 1252 3007 Pliniune
1279 2945 1309 3004 iu

169 3049 299 3111 mim-li
327 3050 455 3113 historia
481 3050 638 3129 exemplo,
667 3071 728 3109 non
753 3052 890 3129 potuisse
912 3049 991 3109 hanc
1020 3051 1177 3111 materiam
1198 3050 1257 3108 uisi
1279 3049 1310 3107 iu

169 3163 344 3213 transcursu
363 3173 383 3213 a
394 3151 524 3232 physico
539 3152 658 3229 attingi.
689 3162 720 3212 et
739 3172 812 3213 vero
827 3171 907 3232 quae
923 3149 961 3210 de
982 3150 1089 3210 diebus
1112 3153 1199 3211 lastis
1218 3150 1308 3210 seria·

137 3255 207 3315 ‘tia
223 3255 369 3334 profestis
393 3255 481 3316 festis
496 3254 569 3313 atris
587 3253 787 3331 praeliaribus
805 3254 1001 3334 proferuntur
1012 3246 1044 3311 iri
1056 3252 1133 3311 libro
1148 3252 1186 3313 de
1201 3263 1310 3313 natura

170 3376 268 3417 rerum
283 3375 438 3437 exponere
455 3356 513 3416 soli
532 3355 651 3414 Isidoro
666 3365 787 3434 poterat
808 3367 911 3435 aptum
926 3355 1040 3428 videri,
1067 3357 1119 3436 qni
1140 3353 1309 3415 diversissi-

169 3480 232 3521 m
246 3479 297 3521 res
320 3458 603 3537 diversissimosque
623 3464 763 3517 auctores
783 3457 973 3523 confundere,
988 3457 1077 3516 solet.
1115 3455 1173 3516 sed
1193 3477 1232 3517 ne
1254 3457 1309 3517 ini·

170 3563 256 3641 quius
272 3560 313 3621 de
329 3579 367 3621 eo
380 3560 535 3621 iudicasse
549 3559 672 3632 videar,
697 3558 831 3618 babebat
848 3580 921 3620 sane
937 3579 991 3619 eur
1008 3558 1066 3618 boe
1082 3558 1209 3619 feceret.
1240 3578 1310 3617 nam

168 3673 331 3745 propiores
349 3682 368 3722 s
383 3661 433 3721 die
448 3662 566 3721 initium
580 3661 764 3721 naturalium
786 3662 998 3741 quaestionum
1019 3659 1121 3735 duxit,
1143 3660 1227 3741 qirod
1244 3661 1309 3720 eius

168 3785 265 3844 paene
292 3765 391 3844 prima
410 3763 583 3843 procreatio
607 3763 638 3823 in
661 3763 766 3823 ordine
788 3783 888 3823 rernm
909 3762 1073 3824 visibilium
1098 3771 1227 3823 extaret.
1269 3763 1308 3823 ef.

168 3869 264 3946 praei.
289 3876 317 3930 3.
347 3866 430 3947 quod
451 3887 519 3926 omn
540 3866 634 3925 semel
659 3867 797 3940 fecisset,
822 3867 914 3927 etiam
929 3874 1048 3925 eeteras
1064 3864 1202 3926 eiusdem
1220 3886 1308 3943 argu·

169 3971 259 4029 menti
286 3976 390 4049 portes
415 3970 621 4047 perstringere
647 3989 706 4027 non
730 3967 890 4028 dubitavit.
925 3967 1010 4046 atqui
1029 3968 1207 4029 Suetonium
1226 3966 1308 4048 quod

168 4069 291 4149 quidem
305 4091 362 4151 per
378 4091 412 4130 se
433 4071 531 4149 ipsum
553 4067 754 4130 certissimum
776 4078 824 4129 est
844 4088 923 4148 quae
942 4071 1115 4149 separanda
1138 4080 1242 4131 essent
1260 4087 1306 4128 ae·

168 4190 294 4249 parasrm
315 4173 458 4250 speciosa
478 4170 610 4231 Beckeri
633 4171 846 4231 emendatione
867 4171 1077 4245 confirmatur,
1100 4190 1163 4252 qua
1184 4168 1307 4250 quidem

167 4273 231 4352 ipse
249 4271 290 4333 ad
307 4271 479 4333 distinctam
500 4282 653 4353 pratorum
675 4273 838 4348 imaginem
859 4273 1134 4333 reconcinnandam
1154 4291 1215 4330 non
1234 4289 1307 4330 usus

167 4387 230 4452 est,
255 4376 315 4438 etsi
330 4395 403 4436 saue
421 4376 466 4436 nti
489 4374 604 4437 debuit.
633 4373 715 4454 apud
736 4373 888 4433 Isidorum
911 4376 992 4434 enim
1015 4395 1039 4433 c.
1064 4384 1100 4439 38
1122 4391 1197 4432 unus
1216 4372 1306 4433 Bam·
