2964 5002
530 353 572 394 DE
595 352 682 393 vlnus
707 349 922 392 lnnvsruluvs

365 500 520 575 carmina,
543 500 616 582 quis
638 498 733 582 ignes
757 498 907 562 nouimus
931 496 1104 577 aetherios,

316 602 398 665 leuis
421 602 454 662 in
476 599 603 664 aridulo
624 598 753 662 maluae
775 598 942 684 descripta
960 595 1073 668 libello

367 702 525 766 Prusiaca
546 701 623 763 uexi
644 722 780 764 munera
803 698 964 763 nauicula.

159 790 352 868 'arcumen
385 801 486 866 libros
518 800 651 865 siciliae
683 802 823 887 primum
861 798 1052 867 increbruit.
1101 820 1177 862 nam
1214 799 1307 862 iutro

164 904 423 991 pumicabantur.
468 902 554 994 unde
577 912 610 966 et
632 900 781 966 Catullus
799 903 861 965 ait:
1004 990 1006 993 ι
1316 911 1329 949 ⁵

384 1005 445 1085 ¹cui
470 1003 554 1068 dono
578 1002 721 1088 lepidum
744 1023 865 1066 nouum
884 1000 1031 1093 libellum

392 1103 486 1167 arida
508 1105 603 1170 modo
627 1104 757 1191 pumice
779 1100 986 1189 expolitum?
1030 1127 1032 1131 ⁴

166 1206 271 1271 codex
307 1203 482 1269 multorum
511 1206 669 1270 librorum
697 1214 763 1268 est:
792 1203 877 1268 liber
910 1204 1008 1267 unius
1039 1202 1226 1267 uoluminis.
1273 1212 1306 1267 et

166 1308 273 1370 dictus
301 1305 406 1369 codex
433 1328 491 1392 per
519 1305 765 1371 translationem
798 1327 818 1368 a
846 1304 1039 1371 caudicibus
1069 1302 1225 1368 arborum
1252 1327 1310 1375 scu

167 1408 283 1472 uitium
296 1407 404 1491 [quasi
419 1407 577 1490 caudex]‚
596 1407 681 1493 quod
694 1409 728 1470 in
743 1429 779 1471 se
793 1405 1034 1470 multitudinem
1046 1405 1204 1469 librorum
1217 1407 1309 1492 quasi
1319 1433 1344 1472 11

167 1529 328 1573 ramorum
357 1510 532 1571 contineat.
581 1507 734 1572 uolumen
755 1509 838 1572 liber
870 1517 935 1587 est,
962 1529 982 1570 a
1005 1506 1168 1571 uoluendo
1192 1505 1328 1572 dictus.'

38 1609 52 1693 ᾗ
79 1682 83 1687 ,
136 1646 139 1650 <
167 1609 250 1672 liber
278 1619 327 1672 est
353 1609 488 1672 interior
515 1609 627 1672 tunica
655 1594 913 1694 corticis‚'quae
941 1608 1030 1693 ligno
1057 1608 1224 1672 cohaeret.
1271 1607 1311 1673 de

168 1731 232 1796 quo
255 1708 429 1794 Virgilius:
1287 1719 1296 1728 '

326 1830 387 1872 nec
408 1811 437 1873 si
459 1831 533 1873 cum
555 1811 695 1873 moriens
717 1810 784 1873 alta
804 1808 887 1874 liber
906 1819 978 1874 aret
997 1811 1031 1872 in
1053 1808 1151 1874 ulmo.

169 1909 255 1997 unde
283 1920 315 1973 et
341 1909 425 1973 liber
457 1910 593 1990 dicitur,
624 1910 657 1973 in
685 1933 749 1997 quo
783 1909 972 1974 scribimus:
1005 1911 1084 1996 quia
1111 1919 1187 1974 ante
1217 1934 1310 1975 usum
1321 1936 1344 1975 11

169 2025 279 2073 cartae
301 2009 355 2073 uel
373 2011 635 2095 membranorum
656 2011 697 2075 de
717 2010 809 2075 libris
825 2011 980 2076 arborum
996 2010 1165 2075 uolumina
1179 2010 1310 2093 fiebant,

168 2109 203 2175 id
225 2119 275 2200 est
293 2113 617 2197 compaginabantur.
654 2111 791 2176 undeet
810 2115 986 2200 scriptores
1008 2134 1028 2176 a
1046 2111 1141 2176 libris
1158 2112 1312 2177 arborum

169 2210 321 2276 librarios
343 2223 552 2278 uocauerunt.
578 2211 729 2277 librarios
742 2222 820 2276 ante
839 2211 1035 2300 bibliopolas
1054 2213 1170 2304 dictos.
1194 2212 1313 2277 librum

170 2314 256 2376 en'irn
274 2314 395 2379 Graeci
413 2317 549 2398 βιβλίον
565 2322 695 2379 uocant.
716 2312 844 2378 librarii
862 2324 971 2378 autem
986 2314 1073 2380 idem
1089 2324 1121 2378 et
1135 2315 1314 2400 antiquarii

169 2423 337 2480 uocantur.
361 2416 419 2480 sed
434 2415 558 2480 librarii
571 2425 646 2479 sunt
658 2415 714 2500 qui
725 2435 812 2479 noua
824 2414 975 2480 scribunt
984 2425 1018 2480 et
1029 2425 1151 2495 uetera,
1165 2416 1313 2501 antiqua·
1322 2435 1349 2478 ao

168 2516 208 2580 rii
227 2518 283 2601 qui
295 2525 420 2580 tantum
437 2516 532 2581 modo
547 2526 674 2600 uetera,
687 2516 775 2580 unde
790 2525 823 2580 et
836 2538 955 2582 nomen
966 2525 1184 2604 sumpserunt.
1202 2538 1223 2580 a
1238 2517 1314 2580 scri·

170 2616 278 2682 bondo
303 2627 411 2681 autem
440 2617 550 2681 scriba
574 2639 691 2681 nomen
720 2619 847 2703 accepit
874 2617 1017 2683 officium
1043 2619 1231 2702 exprimens
1260 2639 1315 2682 uo-

222 2804 455 2856 nocauerunt!
489 2804 532 2854 14:
552 2806 603 2855 ‘Do
616 2804 740 2855 librariis
752 2813 781 2856 et
799 2822 891 2856 corum
908 2807 1106 2856 instrumentis.
1132 2806 1316 2855 Librarior

221 2874 311 2934 utris,
336 2874 414 2921 cuius
438 2888 554 2922 acumen
578 2875 607 2922 in
629 2874 682 2923 duo
701 2874 847 2936 diuiditur,
874 2876 901 2932 in
920 2881 978 2925 toto
998 2890 1110 2938 corpore
1130 2873 1239 2922 unitate
1258 2887 1315 2923 ser-

170 2946 254 2998 uata‚·
284 2940 367 2989 credo
391 2945 501 3004 propter
526 2942 698 3005 mysterium,
728 2948 759 2990 ut
781 2943 809 2990 in
834 2941 939 2990 duobus
963 2942 1088 3005 apicibus
1112 2947 1193 2990 uetus
1217 2947 1245 2989 et
1268 2957 1315 2989 no-

170 3021 233 3055 uum
252 3012 445 3056 testamentum
459 3009 623 3071 signaretur,
644 3009 741 3072 quibus
761 3010 921 3073 exprimitur
939 3009 1016 3058 uerbi
1035 3014 1238 3058 sacramentum
1251 3023 1313 3056 sau·

170 3074 253 3137 gnine
272 3075 408 3138 passionis
428 3075 551 3125 offusum.
588 3076 704 3126 dictus
731 3077 1013 3127 autemcalamua
1105 3073 1239 3125 lomna*
1277 3075 1313 3125 el.

171 3142 355 3204 Hieronymus
374 3159 417 3207 ep.
437 3143 502 3192 v111
522 3144 556 3192 ad
575 3144 688 3199 Niceam
709 3149 772 3192 tom.
794 3145 806 3192 1
824 3161 851 3208 p.
871 3144 902 3192 21
922 3143 994 3194 vall.

258 3339 271 3389 1
296 3330 364 3407 quis
391 3332 444 3393 Ga.
476 3338 499 3389 l.
529 3337 548 3387 4
576 3350 635 3409 que
658 3333 771 3388 lllorroc.
806 3326 820 3412 Η
849 3333 951 3408 signes
980 3333 1093 3389 ltloaac.
1126 3331 1231 3406 signas
1263 3333 1316 3388 Ga.

175 3419 191 3469 2
216 3413 310 3489 signis
333 3417 387 3471 Ga.
414 3419 489 3474 Sal.
520 3413 533 3495 Η
562 3414 713 3472 aetherios
750 3419 901 3473 lt'eicbert·
924 3425 1002 3488 poet.
1032 3419 1081 3472 lat.
1112 3419 1163 3473 rcl.
1187 3436 1218 3488 p.
1249 3420 1317 3477 197..-

172 3499 272 3555 aerios
296 3499 408 3557 Monac.
434 3501 488 3556 Ga.
518 3509 541 3558 2.
568 3507 595 3557 3.
623 3506 642 3556 4
666 3519 772 3558 aereos
796 3505 848 3558 Ge.
873 3506 888 3556 1
911 3502 953 3572 (ut
979 3503 1100 3573 uidetur)
1135 3495 1148 3580 Η
1175 3499 1318 3559 1111111110

173 3584 225 3638 Gu.
245 3589 259 3638 l
279 3577 293 3661 Η
316 3581 477 3660 disseripta
494 3588 584 3652 Ga.)
607 3578 619 3663 Η
640 3593 657 3646 3
674 3585 813 3661 pruriara
830 3589 882 3643 Ga.
903 3592 921 3642 2
939 3585 1134 3663 pruxiacaol.
1157 3579 1170 3662 Η
1192 3585 1319 3644 tinere-

171 3666 237 3744 puit
258 3660 522 3746 (11.11501111111118]
542 3671 634 3726 earne.
649 3671 669 3724 I
683 3675 695 3725 1
711 3688 752 3742 sq.
770 3665 782 3748 Η
803 3678 820 3731 9
841 3668 1016 3728 caurdicibus
1031 3674 1187 3726 Areoulus:
1205 3668 1316 3726 codici·

171 3750 227 3808 bus
250 3753 363 3810 Monac.
393 3756 444 3811 Ge.
469 3760 486 3808 2
507 3749 519 3832 Η
543 3763 575 3814 10
601 3754 689 3831 quasi
715 3754 834 3813 caudex
856 3758 972 3811 seclusit
996 3757 1026 3811 0.
1050 3756 1172 3810 Iahnius
1192 3747 1207 3833 Η
1231 3773 1268 3811 ex
1285 3772 1318 3812 se

173 3839 225 3891 βα.
245 3843 259 3892 1
278 3832 291 3917 Η
315 3846 527 3898 lbconteneat
541 3840 653 3896 Monac.
676 3833 689 3917 Η
714 3848 744 3900 13
764 3836 924 3916 Virgilius]
945 3842 995 3896 ecl.
1017 3841 1047 3896 X
1065 3844 1102 3896 67
1123 3834 1137 3918 Η
1152 3849 1188 3899 14
1208 3839 1234 3896 si
1256 3838 1318 3896 alta

133 3926 139 3937 '
172 3918 250 3977 liber
270 3923 300 3982 h.
319 3921 339 3978 i.
355 3941 384 3979 u.
401 3925 429 3978 in
446 3941 499 3996 my.
517 3942 575 3980 nec
592 3922 635 3980 sio
652 3941 718 3981 cum
736 3923 892 3982 moriensti
910 3925 1025 3980 Moneo.
1048 3942 1105 3981 nec
1124 3923 1150 3980 si
1171 3942 1240 3980 cum
1256 3943 1317 3980 mo·

171 4005 252 4062 niens
273 4008 335 4065 alta
350 4006 434 4063 liber
451 4006 559 4064 haeret
574 4006 604 4066 iu
624 4006 704 4064 ulmo
723 4010 775 4065 Gu.
799 4015 812 4064 1
830 4009 873 4066 sic
890 4007 952 4065 alta
972 4007 1049 4064 liber·
1066 4006 1175 4065 haeret
1190 4006 1221 4063 in
1240 4008 1319 4064 ulmo

172 4095 253 4164 vrrlpo
267 4100 332 4149 anot
346 4109 361 4148 e
385 4093 465 4165 Verp.
480 4094 620 4148 ,trenetur
633 4085 647 4170 Η
665 4101 696 4152 15
710 4087 792 4170 quia]
808 4090 887 4170 quod
901 4097 953 4149 Ga.
972 4098 988 4148 2
1002 4086 1016 4171 Η
1034 4100 1064 4153 16
1076 4089 1319 4150 nrombranarum

172 4175 285 4233 dioneae.
306 4179 356 4233 Ga.
377 4169 418 4255 ΙΗ
438 4184 469 4235 18
489 4173 628 4232 librarios
647 4184 765 4234 constat
783 4181 864 4250 11111911
886 4172 898 4255 Η
923 4187 955 4239 19
970 4173 1088 4251 βιβλίον
1104 4179 1228 4247 sumpsi:
1255 4175 1318 4233 bib·

172 4259 244 4316 lium
266 4263 317 4317 Ga.
340 4258 481 4316 rbiblum
497 4261 610 4317 Monac.
636 4254 640 4338 Η
657 4259 736 4316 idom
753 4266 872 4334 scripsi:
890 4260 920 4319 id
936 4269 982 4318 est
998 4262 1110 4318 Monac.
1128 4264 1211 4332 urclpo
1227 4260 1319 4318 iidem

173 4346 313 4401 Areuulus
328 4339 341 4424 Η
358 4352 389 4429 et
400 4364 453 4400 om.
474 4346 525 4401 Ga.
544 4350 567 4399 1.
587 4337 622 4424 2l
646 4353 681 4404 20
696 4353 727 4401 et
745 4364 825 4403 noua
841 4354 872 4402 ot
887 4353 992 4402 uetera
1013 4343 1149 4402 scribunt
1164 4348 1249 4418 culpo
