2964 5002
297 1073 384 1159 DE
418 1077 721 1159 ltuelssva
760 1077 958 1159 LIBRI
993 1079 1171 1161 Tales

253 1378 480 1445 ursorumque
504 1377 692 1450 asrauque,
716 1362 780 1427 duo
801 1361 854 1427 uel
877 1365 1020 1426 maxima
1041 1371 1149 1428 terrae
1317 1356 1387 1425 l'l'l

252 1463 408 1547 membra,
431 1464 550 1552 quibus
573 1481 708 1528 nrarau
731 1463 830 1528 dubie
852 1479 1064 1529 sauuvsrrvs
1087 1464 1180 1529 addit

161 1631 169 1650 ,
253 1564 402 1652 Europae
423 1565 628 1647 adiunctam,
651 1567 756 1652 possit
777 1587 850 1629 eum
873 1568 971 1630 tertia
994 1566 1075 1649 dici,¹

250 1675 399 1752 regnatas
421 1667 548 1750 multis,
571 1690 651 1754 quos
674 1667 762 1731 fama
784 1668 953 1733 oblitterat
975 1677 1008 1731 et
1029 1690 1110 1755 quos

251 1765 387 1831 barbara
410 1767 578 1833 Romanae
602 1792 666 1833 nou
687 1770 822 1834 tradunt
844 1770 976 1834 nomina
997 1770 1145 1856 linguae:

251 1885 443 1934 raurasnvu
466 1887 699 1958 nvurntuque
721 1888 854 1935 aventu
876 1888 1108 1959 Panruvuque
1128 1888 1296 1937 vononem

248 1979 279 2034 et
301 1985 469 2036 causave
492 1971 624 2037 Pellaea
648 1972 738 2036 dedit
759 1973 815 2059 qui
844 1975 978 2038 nomina
998 1995 1129 2061 regum,

250 2139 296 2197 lli
311 2143 446 2194 arnonius
460 2146 540 2210 epist.
553 2146 673 2196 XVIIII:
693 2146 843 2198 ‘Ausonius
855 2148 955 2198 Pontio
968 2147 1093 2198 Paulino.
1106 2185 1112 2197 .
1123 2148 1206 2200 ..iam
1219 2151 1306 2214 prims

174 2224 219 2260 nox
244 2219 304 2264 erat
331 2217 397 2263 ante
425 2214 498 2263 diem
526 2229 625 2265 nonum
653 2215 788 2264 decimum
816 2214 993 2266 calendarum
1016 2217 1220 2278 Ianuariarum,
1245 2233 1306 2268 cum

173 2278 286 2330 redditae
309 2285 374 2330 sunt
390 2280 456 2330 mihi
479 2280 589 2332 litterae
613 2288 677 2332 tuae
701 2283 800 2347 oppido
823 2297 904 2347 quam
927 2283 1077 2332 litteratae.
1104 2283 1147 2332 bis
1164 2282 1246 2347 longe
1265 2287 1305 2335 iu·

173 2349 358 2399 euudIssimmn
376 2365 475 2413 poema
494 2349 671 2412 subdideras,
690 2366 742 2415 quo
755 2350 836 2415 (quod
848 2351 930 2414 aalys)
944 2349 978 2399 de
991 2349 1077 2400 tribus
1091 2349 1216 2400 Suetonii
1228 2351 1305 2401 libris

171 2429 230 2479 qnos
241 2416 289 2467 ille
301 2417 336 2467 de
348 2416 461 2482 regibus
473 2416 549 2467 dedit
560 2414 613 2483 [in]
629 2419 767 2482 epitomen
782 2418 898 2481 coegisti
908 2418 1012 2480 (coegit
1027 2415 1144 2479 Vinctus)
1157 2423 1236 2468 tanta
1250 2419 1305 2468 ele·

170 2485 272 2547 gnatia,
290 2483 365 2534 solus
383 2491 413 2533 ut
431 2484 496 2533 mihi
508 2485 622 2534 uideare
638 2493 793 2544 assecutae,
814 2485 884 2548 quod
899 2490 995 2534 contra
1011 2499 1099 2532 rerum
1113 2489 1240 2535 naturam
1253 2491 1304 2547 est,

169 2549 286 2602 breuitas
296 2557 326 2602 ut
335 2553 454 2602 obseura
465 2567 520 2603 nen
530 2557 612 2603 esset
626 2553 654 2602 in
666 2553 709 2602 his
719 2553 844 2602 uersibus
855 2569 906 2617 ego
916 2555 971 2602 ista
982 2553 1110 2616 cognoui:
1124 2553 1235 2617 Europ
1244 2569 1305 2601 am·

169 2634 225 2683 quc
237 2636 260 2669 e.
275 2638 298 2686 q.
312 2635 333 2670 s.
348 2620 428 2669 Haec
441 2625 470 2669 tu
483 2636 564 2685 quarn
577 2621 664 2686 perite
679 2627 706 2670 et
719 2621 867 2680 concinne,
887 2636 967 2685 quam
986 2620 1123 2671 modulate
1137 2624 1165 2670 et
1176 2620 1304 2680 dulciter,

168 2685 203 2736 ita
218 2688 295 2738 iuxta
312 2693 441 2737 naturam
459 2688 641 2739 Romanorum
660 2695 824 2738 accentuum
842 2689 1004 2746 enuntiasti,
1027 2693 1057 2736 ut
1073 2693 1168 2738 tamen
1184 2689 1258 2738 ueris
1272 2704 1305 2737 sc

167 2756 334 2821 primigeniis
350 2755 465 2805 uocibus
482 2771 532 2806 sua
549 2757 663 2821 fastigIa
677 2773 730 2806 uon
744 2759 874 2820 perIreut.
903 2757 957 2805 iam
970 2756 1079 2821 quidde
1093 2757 1251 2821 eloquentia
1264 2756 1303 2805 di·

168 2824 241 2873 ram?
250 2823 353 2888 liquido
364 2823 491 2873 adiurare
501 2840 618 2889 possum,
630 2825 731 2874 nullum
743 2825 793 2873 tibi
803 2826 837 2874 ad
847 2826 984 2890 poeticam
996 2825 1153 2873 facundiam
1164 2825 1305 2875 Romanae

167 2888 312 2941 iuuentutis
331 2893 455 2956 aequari.
491 2898 567 2942 certe
585 2893 625 2940 ita
642 2893 708 2942 mihi
726 2893 836 2942 uideris.
874 2893 897 2942 si
916 2909 976 2942 erro
994 2898 1074 2958 pater
1097 2909 1164 2942 sum.
1202 2892 1243 2943 ler
1262 2909 1305 2942 me

168 2962 192 3006 st
208 2959 264 3008 noli
282 2959 396 3025 exigere
414 2959 543 3009 iudicium
562 2960 690 3010 obstante
709 2960 823 3025 pietate.
860 2977 953 3010 uerum
972 2976 1032 3010 euru
1051 2960 1095 3025 pie
1108 2960 1231 3025 diligam,
1250 2961 1304 3011 sin-

168 3040 224 3076 cere
244 3042 278 3077 sc
296 3041 396 3077 seuere
419 3027 517 3077 iudico.
558 3027 641 3077 affice
665 3045 708 3077 me
732 3045 778 3077 oro
801 3029 853 3077 tali
871 3044 982 3078 munero
1007 3027 1180 3092 frequenter,
1207 3045 1259 3093 quo
1278 3034 1306 3078 et

167 3093 285 3144 oblector
304 3100 332 3144 et
345 3095 471 3145 honoror.
508 3097 628 3145 accessit
646 3096 698 3144 tibi
717 3096 752 3145 ad
771 3103 858 3146 artem
876 3097 1014 3161 poetieam
1032 3095 1133 3146 mellea
1146 3097 1304 3150 modulatio.

168 3162 225 3226 quid
238 3163 311 3212 enirn
331 3160 406 3212 allud
425 3168 511 3228 agunt

365 3230 455 3281 audax
473 3231 565 3280 Icario
589 3232 634 3295 qui
654 3232 722 3281 iecit
740 3232 852 3282 nomina
870 3237 954 3297 ponto

365 3303 394 3346 et
413 3298 458 3363 qui
476 3297 652 3349 Chalcidicas
670 3300 810 3350 moderate
830 3301 925 3350 enauit
944 3299 977 3349 ad
997 3314 1085 3361 arces,

168 3365 216 3415 nisi
237 3372 267 3414 at
291 3371 319 3415 et
342 3371 471 3431 uegetam
494 3372 521 3415 et
543 3367 687 3417 sublimem
713 3368 887 3417 alacritatem
912 3374 985 3417 tuam
1009 3368 1195 3418 temeritatem
1213 3385 1305 3433 uoces,

167 3447 205 3482 ne
227 3449 292 3483 uero
317 3439 345 3482 et
367 3433 520 3484 consultum
542 3440 570 3484 et
594 3451 673 3499 quem
692 3435 763 3486 lilius
781 3437 882 3485 (lubeat
899 3436 1001 3484 imitari
1028 3435 1142 3487 salutari
1160 3437 1307 3502 prudentia

168 3501 316 3565 praeditum
335 3501 431 3550 dieas?
451 3503 521 3566 quod
541 3503 665 3566 equidem
684 3509 781 3553 eontra
800 3509 850 3552 eet.
886 3520 949 3553 rraru
969 3509 998 3552 tu
1016 3518 1120 3554 summa
1138 3505 1178 3554 sie
1198 3506 1307 3570 appetis

168 3573 195 3616 ut
214 3584 268 3618 non
291 3569 422 3630 decidas,
454 3577 582 3619 senectus
606 3588 667 3621 mea
691 3572 759 3620 satis
782 3571 867 3620 habet
895 3572 918 3621 si
943 3572 1085 3621 consistat.
1126 3572 1197 3621 baec
1221 3574 1256 3623 ad
1278 3579 1306 3623 te

167 3634 283 3686 breuiter
301 3643 329 3687 et
347 3636 423 3689 illico
441 3639 564 3703 uesperis
583 3639 656 3688 illius
675 3645 769 3688 secuto
788 3655 868 3688 mane
887 3639 1000 3689 dictaui.
1038 3639 1078 3688 ita
1097 3641 1168 3690 euim
1187 3641 1306 3691 tabella·

167 3704 217 3754 ride
241 3709 304 3754 tuus
328 3710 359 3753 ut
377 3705 522 3770 epistolam
542 3707 658 3756 referret
676 3708 807 3756 instabat.
844 3722 907 3756 nam
930 3707 953 3756 si
972 3707 1038 3756 mihi
1056 3707 1139 3757 otium
1159 3709 1241 3758 luerit
1259 3709 1306 3758 ob·

167 3769 304 3834 laetabile,
325 3774 466 3837 negotium
486 3775 537 3823 erit
556 3775 591 3823 ad
610 3781 636 3823 te
656 3775 787 3841 prolixius
805 3773 939 3838 delirare,
959 3781 987 3824 te
1005 3780 1035 3824 ut
1054 3775 1172 3838 eliciam,
1193 3775 1258 3826 mihi
1277 3782 1307 3826 ut

166 3841 343 3890 satisfaciam.
381 3839 468 3890 vale.‘

245 3909 261 3956 ·2
280 3907 429 3957 Sallustius
442 3908 573 3972 Iugurtha
589 3910 632 3958 17:
654 3911 694 3958 ‘ln
708 3909 844 3958 diuisione
858 3910 932 3959 orbis
944 3915 1036 3960 terrae
1049 3911 1172 3976 plerique
1186 3912 1213 3960 in
1227 3918 1305 3976 parte

167 3977 245 4026 tertia
262 3977 387 4025 Africam
405 3991 531 4041 posuere,
551 3979 633 4043 pauci
652 3977 837 4027 tantummodo
855 3978 948 4027 Asiam
969 3986 996 4028 et
1011 3981 1148 4044 Europam
1168 3994 1238 4036 esse,
1257 3980 1306 4028 sod

166 4043 285 4094 Africam
303 4045 333 4092 in
351 4044 488 4107 Emopa'

243 4111 397 4162 tracuus
420 4127 483 4161 aun.
502 4114 554 4162 XII
574 4113 617 4162 ll:
641 4113 723 4161 ‘Dein
742 4111 877 4162 Gotarzes
896 4115 989 4164 morbo
1013 4115 1082 4164 obiit
1101 4113 1260 4177 accitusque
1277 4115 1306 4161 in

166 4193 273 4245 regnum
292 4180 425 4229 Vonones
443 4179 537 4230 llledos
560 4187 616 4230 tum
640 4179 810 4246 praesidens.
847 4181 924 4230 nulla
946 4182 1009 4231 huic
1032 4195 1163 4246 prospers
1186 4184 1234 4229 aut
1259 4181 1305 4229 ad·

165 4260 239 4297 uersa
258 4247 321 4313 quis
347 4253 558 4297 memoraretur:
583 4249 660 4297 breui
686 4251 713 4295 ct
731 4246 849 4310 inglorio
867 4249 981 4312 imperio
999 4249 1159 4313 perfunctus
1178 4252 1229 4309 est,
1249 4262 1305 4296 res·

166 4329 212 4378 que
228 4315 396 4366 Parthorum
414 4314 442 4363 in
461 4315 545 4364 tilium
564 4317 622 4365 cius
641 4315 797 4378 Vologesen
816 4315 989 4365 translatae)

242 4383 392 4433 ISoIinus
415 4382 507 4446 polyh.
531 4382 547 4432 a
571 4402 597 4449 p.
625 4382 654 4432 li)
677 4384 715 4431 D:
741 4382 871 4431 ‘llaeedo
894 4382 1074 4432 Deucalionis
1097 4384 1236 4432 maternus
1257 4399 1304 4436 ne-
