2964 5002
571 392 613 435 ns
637 392 777 437 usrams
800 394 910 436 annau
1252 378 1314 443 237

180 539 274 628 adque
294 539 357 605 sub
380 540 472 605 nube
494 542 599 605 latens
620 550 679 605 aut
701 543 728 605 si
754 541 891 605 dimidia
912 550 1004 628 parte
1026 543 1228 627 apparuerit,
1257 542 1316 605 im·

180 643 243 706 hres
265 642 405 707 futuros.
437 644 514 706 item
538 641 641 705 Varro
663 643 725 705 ait:
761 643 802 705 ‘si
825 644 975 706 exoriens
997 664 1162 706 concauus
1187 643 1314 707 uidebi-

179 756 224 808 tur
236 744 282 807 ita
302 752 341 806 ut
355 744 389 807 in
411 742 521 807 medio
542 741 668 827 fulgeat
681 751 716 806 et
730 743 840 806 radios
857 744 955 807 sar-iat
974 744 1093 830 partim
1113 744 1155 807 ad
1170 755 1316 808 austrum

179 844 285 930 partim
318 844 362 908 ad
390 843 596 930 aquilonem,
628 852 855 930 tempestatem
885 844 1052 908 humidam
1086 853 1120 909 et
1148 852 1317 909 uentosam

164 946 241 1009 ⁵lore
254 945 448 1031 significat!
459 947 535 1020 item
554 944 655 1009 idem:
674 945 715 1007 ‘si
734 944 806 1025 sol',
824 945 948 1031 inquid,
966 946 1093 1010 ‘rubeat
1106 949 1153 1025 (iu
1172 946 1316 1029 occasu),

181 1046 306 1110 sinceris
329 1045 402 1109 dies
425 1047 506 1126 erit;
533 1044 560 1107 si
579 1046 717 1131 palleat,
747 1055 972 1132 tempestatem
995 1047 1182 1132 signifieat?
1226 1048 1317 1133 Nigi-

181 1146 243 1209 dius
269 1166 401 1233 quoque
428 1145 525 1226 dicit,
554 1148 581 1209 si
607 1146 751 1234 pallidus
778 1147 825 1212 sol
855 1149 888 1211 in
917 1149 1028 1232 nigras
1053 1148 1158 1212 nubes
1180 1148 1317 1227 occidat,

181 1246 355 1334 aquilonem
378 1255 513 1311 uentum
536 1247 733 1332 significare.

254 1412 489 1462 Pssrtnssu'rla
518 1410 568 1462 est
597 1397 730 1465 morbus
766 1398 830 1464 late
858 1422 985 1487 negans
1017 1411 1050 1465 et
1078 1403 1229 1487 contagio
1260 1394 1430 1468 suol53*

182 1553 221 1602 per
245 1534 422 1602 significant,
458 1542 558 1601 quarta
589 1542 684 1587 tamen
711 1552 848 1586 maxume.
899 1555 984 1588 cornu
1013 1540 1072 1588 eina
1099 1538 1316 1605 septentrionale

183 1605 359 1655 acuminatum
383 1610 468 1669 atque
491 1603 607 1669 rigidum
632 1604 708 1653 illam
731 1606 874 1669 praesagit
896 1614 1022 1668 uentruu,
1046 1607 1163 1658 interius
1186 1614 1316 1667 austrum,

181 1682 287 1738 utraque
310 1678 388 1721 recta
412 1675 523 1721 noctem
545 1677 699 1721 uentosanr.
739 1672 763 1721 si
786 1679 912 1736 quartam
937 1674 1012 1723 orbis
1035 1674 1133 1723 rutilus
1157 1677 1265 1741 ringet,
1289 1682 1317 1723 et

182 1746 270 1791 sentos
298 1745 328 1789 et
350 1739 454 1788 imbres
483 1739 681 1803 praemonehit.
727 1740 806 1803 Apud
829 1740 979 1791 Varronem
1009 1744 1049 1791 ita
1078 1748 1133 1791 est:
1162 1745 1192 1793 si
1220 1748 1317 1809 quarto

181 1806 218 1858 ta
233 1806 302 1857 luna
319 1806 373 1857 erit
391 1806 509 1865 directa,
528 1820 658 1872 magnam
675 1812 871 1871 tempestatem
889 1808 917 1856 iu
935 1809 1004 1858 mari
1022 1809 1195 1874 praesagiat,
1221 1811 1275 1860 nisi
1294 1810 1317 1858 si

181 1890 301 1926 eorunm
319 1875 398 1924 eirea
416 1888 447 1923 ss
465 1873 627 1932 hahebitet
645 1889 706 1923 eam
718 1875 864 1935 sinceram,
884 1877 1012 1940 qnoniam
1030 1875 1078 1925 illo
1091 1877 1169 1926 modo
1184 1892 1238 1927 non
1251 1883 1317 1926 ante

182 1943 281 2008 plenam
304 1942 400 1992 lunam
419 1940 602 1991 hiematurum
626 1941 757 1991 ostendit.
792 1942 815 1990 si
838 1942 991 2007 plenilunio
1014 1960 1064 2008 per
1086 1944 1226 1994 dimidium
1249 1960 1319 2009 pura

182 2016 239 2073 erit,
262 2011 330 2061 dies·
347 2022 465 2059 serenos
486 2008 671 2074 significabit,
695 2010 719 2057 si
737 2008 821 2058 mutila
839 2016 950 2067 uentos,
975 2010 1136 2073 nigrescens
1155 2012 1258 2062 imbris.
1294 2014 1318 2062 si

182 2078 265 2145 caligo
287 2077 363 2128 orbis
387 2077 488 2126 nuhem
507 2075 664 2137 incluserit,
688 2083 787 2125 uentos
810 2092 865 2142 qna
888 2092 918 2126 ss
936 2079 1055 2143 ruperit,
1074 2080 1097 2128 si
1116 2080 1220 2143 gemini
1239 2079 1319 2129 orbes

182 2147 324 2205 tinxerint,
348 2144 481 2194 maiorem
504 2149 698 2209 tempestatem
717 2149 746 2193 et
763 2145 867 2209 magis,
891 2144 914 2193 si
938 2151 995 2195 tres
1014 2153 1092 2195 erum
1112 2154 1159 2196 arrt
1177 2147 1258 2210 nigri,
1278 2147 1319 2196 ln-

182 2214 289 2281 tsrrnpti
308 2220 393 2277 atque
412 2210 548 2261 distraeti.
584 2225 704 2260 nascens
721 2211 788 2260 luna
805 2213 829 2261 si
848 2228 933 2261 cornu
951 2214 1090 2279 superiore
1109 2215 1237 2263 obatrato
1260 2228 1319 2264 sur-

182 2288 230 2347 get,
242 2280 353 2347 pluuias
371 2279 539 2331 decrescens
556 2278 647 2340 dabit,
666 2279 689 2327 si
703 2279 844 2343 interiore,
862 2285 927 2329 ante
940 2280 1130 2344 plenilunium,
1149 2284 1172 2330 si
1186 2283 1214 2330 ia
1228 2282 1319 2331 media

181 2350 285 2415 nigritia
297 2346 349 2398 illa
361 2347 458 2406 tuerit,
470 2345 584 2395 imbrem
597 2347 625 2395 in
638 2345 799 2411 plenilunio.
825 2348 850 2396 si
860 2346 944 2412 plena
959 2349 1034 2398 eirea
1046 2363 1075 2397 so
1090 2347 1204 2397 habebit
1216 2349 1318 2405 orbem,

182 2434 208 2467 er
220 2431 275 2483 qua
286 2422 368 2482 parts
378 2416 402 2465 is
415 2428 540 2464 maxume
552 2412 717 2479 splendebit,
736 2431 770 2464 ex
782 2428 815 2463 ea
827 2420 938 2464 uentum
949 2415 1085 2465 ostendet.
1109 2416 1133 2463 si
1146 2416 1174 2463 in
1187 2422 1248 2464 ortu
1260 2431 1318 2464 eor·

181 2501 227 2536 aaa
244 2484 384 2535 crassiora
402 2481 519 2539 tuerint,
538 2480 675 2530 horridam
693 2486 898 2546 tempestatum.
927 2484 950 2532 si
970 2490 1035 2531 ante
1054 2490 1179 2546 (martam
1199 2498 1251 2531 urin
1271 2482 1318 2531 ad-

181 2552 297 2618 psrnerit
314 2557 400 2601 uento
424 2549 538 2598 fauonio
555 2549 654 2610 flante,
681 2548 808 2598 hiemalis
826 2555 884 2599 toto
902 2566 996 2600 mense
1015 2550 1076 2599 erit.
1113 2550 1136 2598 si
1155 2550 1217 2599 XVI
1236 2550 1319 2598 trehe-

181 2622 292 2671 mentius
311 2621 439 2668 flammea
459 2616 631 2680 adparuerit,
661 2632 774 2681 asperas
798 2622 978 2682 tempestates
1001 2617 1169 2684 praesagiet.
1204 2623 1268 2666 sunt
1291 2623 1320 2666 et

181 2690 260 2755 ipsius
277 2687 363 2737 lunae
380 2684 449 2735 I'III
467 2683 593 2744 articuli,
620 2686 747 2748 quotiens
771 2685 800 2732 iu
819 2684 934 2749 angarios
952 2685 1019 2734 solis
1037 2686 1154 2743 ineidat,
1180 2685 1318 2749 plerisque

181 2758 246 2808 iuter
268 2772 319 2807 eos
340 2760 448 2804 tantum
472 2751 683 2801 obseruantibus
708 2752 856 2816 praesagia
880 2753 951 2812 eiras,
978 2753 1030 2801 hoo
1055 2760 1096 2801 est
1120 2753 1169 2802 III.
1189 2753 1250 2801 vlt.
1271 2752 1318 2800 xl.

180 2826 232 2876 ΧΥ.
251 2822 367 2875 XVIIII.
386 2820 490 2870 XXIII.
510 2820 621 2868 xxvll.
642 2827 669 2868 et
688 2819 888 2884 plenilunium)
917 2819 979 2870 atil:
1004 2820 1193 2885 ‘praesagiunt
1214 2827 1241 2869 et
1260 2820 1319 2868 ani-

181 2894 272 2943 malia:
291 2888 418 2955 delphini
436 2886 585 2951 tranquillo
604 2887 672 2935 rasari
691 2886 870 2936 lasciuientes
883 2888 975 2936 flatum
990 2904 1023 2936 ox
1036 2904 1089 2952 qua
1102 2888 1217 2936 mmitmt
1231 2893 1319 2952 parte,

180 2961 239 3011 item
258 2961 425 3026 spargentes
443 2969 552 3018 aquam,
573 2955 655 3003 iidem
673 2954 784 3003 turbato
802 2955 1040 3019 tranquillitatem.
1077 2954 1173 3017 lolligo
1188 2956 1317 3011 uolitans.

181 3029 301 3079 conchae
320 3024 562 3080 adhaerescentes,
583 3020 675 3071 oelrini
696 3021 849 3086 adfigentes
868 3038 930 3071 sese
950 3031 997 3071 atrt
1016 3023 1122 3072 harena
1140 3025 1320 3072 salsurrantes

181 3094 353 3162 tempestatis
376 3093 457 3155 signa
481 3086 567 3139 sunt)
587 3106 611 3138 e.
636 3106 661 3154 q.
688 3106 710 3137 s.
747 3090 783 3138 ct.
803 3089 924 3139 Basilius
943 3091 1004 3140 hex.
1023 3106 1088 3156 pag.
1107 3090 1184 3140 531».
1205 3108 1227 3140 e.
1248 3091 1273 3139 d.
1295 3106 1319 3139 e.

182 3165 297 3215 isidoras
316 3163 405 3224 origg.
425 3158 500 3207 XIII.
873 3187 877 3193 .

262 3228 335 3285 153*
347 3226 468 3279 Isidorus
480 3225 513 3273 de
528 3230 627 3274 natura
645 3241 732 3273 rerum
751 3225 924 3276 XXXVIIII:
951 3227 1006 3277 ‘De
1019 3225 1189 3291 pestilentia.
1208 3226 1320 3275 Pesti-

264 3377 353 3448 tatq3
373 3370 398 3425 B
418 3357 432 3443 ΙΙ
453 3361 616 3421 dimedianr
632 3366 655 3419 A
671 3361 812 3421 ‹lernedia
830 3360 869 3421 B¹
884 3363 1016 3423 demidia
1032 3361 1072 3424 3²
1091 3363 1244 3424 dimidiam
1258 3364 1291 3420 M
1307 3358 1321 3443 ΙΙ

175 3464 295 3535 partem
307 3454 368 3511 AM
380 3448 394 3533 ΙΙ
408 3456 426 3509 2
441 3441 650 3526 futuras-481}
666 3446 707 3504 ait
719 3468 773 3505 om.
789 3445 824 3505 ,41
839 3447 913 3507 dicit
928 3454 951 3507 L
965 3444 979 3530 ss
996 3470 1145 3507 consuens
1158 3444 1194 3504 ΑΙ
1213 3468 1322 3506 caruca·

182 3543 223 3600 uis
239 3536 276 3599 Β1
292 3556 446 3596 concauus
462 3536 664 3590 Gconeaatus
676 3533 710 3589 M
714 3529 719 3567 ¹
737 3531 750 3612 Η
765 3531 942 3592 uideaturB
956 3530 969 3615 lt
985 3534 1056 3611 3ut]
1074 3544 1127 3592 aut
1139 3530 1174 3590 At
1192 3529 1205 3613 Μ
1221 3534 1251 3591 i„
1267 3553 1322 3592 om·

185 3624 216 3683 ΒΙ
233 3645 250 3683 e
267 3626 291 3682 G
306 3619 321 3703 [Ι
336 3621 437 3680 media
456 3620 482 3674 B
496 3611 510 3697 ΙΙ
525 3614 628 3673 radius
645 3620 668 3674 G
682 3616 768 3674 radio
786 3613 821 3673 A¹
838 3611 851 3697 ΙΙ
868 3619 942 3677 facit
957 3624 981 3675 Α
995 3614 1008 3699 ll
1023 3627 1140 3696 partem
1156 3615 1218 3675 (ΙΒ1
1235 3627 1322 3695 parte

184 3706 252 3793 13²ss
273 3708 453 3767 austrsssstl
476 3701 519 3759 Μι
542 3695 554 3780 ll
575 3712 591 3761 4
612 3711 730 3778 partem
752 3705 801 3760 BG
820 3700 834 3783 ll
858 3703 897 3761 ad
920 3723 972 3759 ora.
996 3706 1023 3759 Β
1042 3701 1055 3782 :i
1077 3701 1227 3782 aquilonis
1254 3698 1290 3758 11²
1308 3698 1322 3781 il

182 3801 360 3875 tempestate
377 3790 417 3849 3²
437 3784 452 3871 ΙΙ
473 3786 605 3844 umidam
624 3788 671 3842 (Ἰ)
693 3786 825 3844 amidam
846 3789 910 3845 lore
929 3790 955 3844 B
975 3782 988 3867 Η
1009 3796 1186 3845 trantuosam
1208 3789 1265 3845 GM
1278 3780 1322 3865 llo

183 3882 242 3939 lore
263 3898 318 3937 om.
342 3879 369 3935 B
383 3871 397 3957 Η
412 3876 477 3932 sore
497 3871 648 3946 siguificat
672 3892 725 3928 oris.
748 3875 795 3929 EG
817 3867 830 3951 11
852 3871 948 3951 inquit
966 3867 1079 3930 stent
1096 3873 1160 3951 quit
1179 3868 1215 3929 Β1
1240 3868 1253 3951 ll
1275 3891 1322 3928 ru·

182 3963 241 4024 hiat
258 3967 283 4023 A
298 3956 313 4043 ΙΙ
328 3964 360 4021 in
378 3978 489 4019 occasu
519 3958 627 4013 (reddidit
649 3961 773 4015 driadas
789 3975 804 4014 e
822 3959 909 4014 selsel.
932 3959 1027 4014 Germ.
1045 3960 1063 4013 1.
1079 3976 1103 4013 c.
1121 3952 1134 4035 ΙΙ
1149 3954 1321 4015 serroeristi

182 4048 386 4109 sincerissima
404 4038 454 4124 [Ι]
470 4051 487 4105 6
505 4042 569 4099 foro
586 4041 651 4099 dias
670 4043 745 4097 lint:
762 4043 825 4099 fere
842 4041 906 4099 dias
926 4044 1018 4098 Griati
1030 4044 1097 4098 libri
1116 4040 1194 4098 torte
1210 4038 1276 4097 dies
1298 4041 1324 4095 Β

183 4132 243 4193 dies
257 4134 338 4193 sorte
356 4134 379 4189 L
395 4126 409 4211 ΙΙ
423 4127 525 4207 pallea
544 4122 577 4182 1t¹
594 4123 607 4206 ΕΞ
623 4134 805 4203 tempestate
820 4131 843 4183 Α
862 4135 1059 4204 terrrpastates
1078 4128 1099 4183 G
1115 4119 1128 4205 ll
1145 4125 1187 4182 ait
1202 4141 1323 4202 quoqne

186 4215 238 4301 Βξ]
257 4227 273 4282 7
292 4214 431 4296 pallidus
455 4210 714 4291 inquinassent!
737 4209 869 4287 pallidus·
893 4210 987 4290 inquit
1007 4213 1085 4266 mm
1103 4206 1116 4287 ll
1137 4208 1181 4264 aad
1208 4212 1212 4281 Ι
1238 4206 1322 4284 aqui-

182 4303 276 4363 lonem
296 4307 322 4360 A
340 4303 459 4359 reliceris·
474 4301 584 4354 omissis
604 4293 618 4378 Η
638 4298 679 4371 in}
696 4295 721 4352 a
737 4299 760 4352 Β
775 4291 788 4376 ΙΙ
802 4304 989 4357 saeuiturum
1009 4300 1030 4352 t)
1048 4290 1061 4376 ll
1076 4293 1227 4369 signifieat
1244 4293 1312 4369 ns,

182 4400 323 4453 iunceus
345 4389 370 4443 B
385 4380 399 4465 ll
415 4394 444 4443 et
460 4403 513 4441 orn.
533 4384 556 4438 Β
570 4380 583 4464 Η
599 4382 717 4461 eotagio
736 4376 774 4438 B¹
