2964 5002
492 390 521 429 r.
537 386 718 429 nrrscrnnnr
735 385 977 430 oouurruranrrs
1240 369 1301 429 513

166 535 270 616 aliqua
285 537 470 597 confidentia
486 536 673 597 contendens
690 546 875 596 reseratam
890 536 975 596 brevi
990 538 1054 595 rita
1070 536 1164 596 fuisse
1180 548 1302 619 tamque

165 648 281 698 mature
294 639 332 698 ad
344 639 536 700 scribendum
551 660 583 697 se
596 638 810 719 applicavisse,
826 640 881 699 sed
898 640 1051 718 duplicem
1068 640 1205 698 extitisse
1222 639 1302 719 apud

164 741 247 820 ipsos
262 751 384 802 veteres
400 744 574 802 memoriam
590 743 759 815 disserens,
784 762 911 822 quarum
933 743 962 801 in
981 742 1106 801 alteram
1130 742 1182 800 ille.
1198 762 1301 801 nnme-

165 864 213 902 rus
228 845 366 923 apprime
382 844 556 925 quadraret.
587 845 624 903 ln
642 865 703 925 qua
723 844 928 924 disputatione
946 866 1012 904 cum
1027 865 1085 903 nec
1099 843 1224 923 probem
1241 865 1301 902 om-

165 947 214 1005 nia
232 954 264 1003 et
280 947 431 1025 quaedam
450 946 636 1018 desiderem,
652 948 757 1025 paucis
775 946 846 1026 quid
864 947 935 1007 mihi
951 947 1092 1006 videatur
1109 946 1302 1026 complectar.

136 1105 138 1109 ,
166 1048 233 1107 Vua
249 1058 351 1107 autem
367 1051 424 1108 tuit
441 1060 471 1109 et
487 1070 610 1129 prorsus
629 1051 821 1109 consentiens
838 1070 897 1109 vox
914 1050 1122 1129 antiquitatis,
1146 1050 1301 1108 familiari-

165 1158 210 1209 ter
223 1170 311 1210 usum
326 1152 504 1212 Terentium
521 1152 628 1210 Laelio
646 1164 676 1210 et
692 1152 850 1231 Scipione:
872 1174 967 1231 prope
984 1153 1175 1212 consentiens
1191 1173 1301 1211 memo-

165 1253 225 1325 ria,
255 1252 293 1311 ab
316 1254 429 1313 eisdem
450 1255 585 1314 adiutum
603 1256 633 1313 in
657 1253 832 1313 scribendo:
860 1254 1015 1314 obscurior
1038 1256 1133 1328 fama,
1157 1255 1302 1334 ‘corporis
1364 1236 1370 1249 Ι

166 1355 264 1431 gratia
280 1357 324 1414 eis
340 1356 548 1414 conciliatum'
573 1356 678 1416 fuisse.
715 1357 784 1415 Hoc
804 1354 949 1416 ultimum=
960 1357 1129 1417 testabatur
1143 1357 1194 1416 vel
1210 1357 1304 1434 signi·

166 1454 276 1515 ficabat
297 1456 404 1516 saltem
418 1458 561 1517 Porcius:
585 1458 718 1536 negabat
735 1459 927 1532 Fenestella,
951 1460 1009 1519 hoc
1030 1480 1103 1519 usus
1126 1467 1303 1537 argumento
1382 1492 1388 1503 ·

166 1556 247 1637 quod
261 1566 391 1639 utroque
407 1562 502 1618 maior
516 1572 589 1619 natu
606 1562 721 1620 fuisset.
760 1560 797 1618 In
812 1561 940 1642 hocqui
957 1583 1024 1621 cum
1040 1561 1219 1621 Fenestella
1235 1580 1302 1621 sen-

167 1661 253 1733 serit,
274 1660 412 1721 novimus
429 1663 594 1721 neminem:
619 1672 720 1722 aetate
743 1663 888 1743 aequales
909 1664 1004 1723 fuisse
1026 1674 1109 1723 certo
1132 1663 1303 1722 testimonio

167 1761 314 1840 prodebat
328 1764 447 1844 Nepos,
470 1785 529 1823 riou
545 1774 637 1842 negat
655 1768 721 1845 ipse
737 1765 862 1824 Laelius
879 1766 960 1845 apud
978 1767 1156 1827 Ciceronem
1173 1766 1259 1825 Lael.
1277 1787 1303 1826 c.

167 1873 211 1933 Ἡ.
230 1874 265 1929 89
289 1866 484 1927 ‘familiarem
500 1870 602 1927 suum’
625 1868 746 1941 dicens,
768 1888 829 1927 non
851 1879 966 1947 negant
985 1871 1166 1949 quicumque
1185 1868 1303 1927 illorum

168 1986 258 2045 opera
278 1969 306 2026 in
325 1968 494 2028 scribendis
510 1969 622 2028 fabulis
637 1990 723 2027 usum
740 1980 861 2048 poetam
879 1970 1050 2031 tradidere:
1075 1972 1106 2030 in
1122 1992 1181 2051 qua
1196 1990 1305 2030 caussa

167 2088 257 2128 unum
273 2071 448 2150 Scipionem
465 2070 499 2130 O.
516 2073 675 2132 Memmius
696 2092 724 2149 p.
741 2082 790 2144 30,
815 2077 862 2146 14,
879 2071 1104 2150 Quinctilianns
1122 2086 1161 2146 x,
1179 2086 1207 2144 Ι,
1224 2083 1258 2136 99
1275 2082 1304 2132 et

168 2170 325 2249 Vagellins
345 2174 374 2231 in
398 2175 532 2232 auctario
547 2174 662 2233 Donati
683 2194 712 2253 p.
731 2184 765 2237 35
781 2184 963 2246 memorant,
980 2175 1119 2234 Laelium
1142 2176 1237 2233 solum
1254 2174 1303 2233 (li-

169 2292 235 2332 cero
250 2274 280 2332 in
298 2275 431 2354 epistula
446 2274 485 2334 ad
503 2276 637 2335 Atticum
661 2288 723 2348 vlt,
739 2287 771 2350 3,
795 2286 828 2338 10
843 2286 873 2334 et
890 2276 995 2354 Nepos
1010 2298 1040 2354 p.
1062 2287 1111 2346 31,
1129 2285 1164 2351 2,
1191 2286 1303 2335 utnrm-

169 2394 225 2454 que
249 2396 320 2435 suos
347 2387 486 2437 auctores
518 2389 640 2437 secutus
671 2378 842 2437 Suetonius.
897 2378 964 2437 Nec
992 2377 1053 2435 ullo
1079 2377 1167 2434 modo
1194 2378 1305 2437 Santra

167 2497 195 2556 P·
214 2488 262 2552 31,
281 2490 314 2541 10
336 2489 444 2557 negat,
471 2500 575 2540 verum
603 2479 686 2540 aliud
705 2488 812 2559 negat,
835 2480 907 2553 hoc,
934 2501 953 2539 a
976 2480 1118 2558 Scipione
1137 2478 1304 2559 Laelioque

169 2580 301 2640 adiutum
317 2601 401 2641 esse:
424 2602 484 2640 non
504 2583 642 2661 prolecto
664 2594 828 2663 propterea
849 2582 930 2662 quod
950 2602 1010 2641 non
1033 2580 1178 2660 aequales
1201 2588 1304 2639 aetate

170 2682 286 2755 luerint,
304 2683 334 2743 id
349 2684 430 2765 quod
445 2685 504 2744 huo
519 2684 595 2743 nibil
614 2687 733 2744 omnino
751 2686 892 2764 pertinet,
911 2683 965 2743 sed
983 2684 1021 2743 ad
1038 2704 1126 2741 unam
1143 2691 1303 2740 consuetu·

169 2784 267 2846 dinem
281 2787 456 2846 amatoriam
472 2787 576 2846 valere
592 2780 707 2865 potuit:
727 2807 832 2846 verum
843 2787 901 2845 hac
919 2807 1027 2845 caussa
1044 2784 1134 2866 quod,
1148 2794 1302 2864 quotcum-

168 2909 225 2970 que
245 2908 388 2949 annonem
406 2890 572 2948 Terentius
588 2890 653 2961 tirit,
671 2888 714 2947 eis
732 2900 833 2949 tamen
850 2889 958 2969 quibus
974 2889 1063 2947 liuius
1079 2887 1201 2947 fabulae
1217 2894 1303 2945 actae

169 3000 236 3051 sunt
251 2990 453 3069 temporibus,
477 2993 497 3051 i.
513 3013 539 3051 c.
563 2991 601 3051 ab
626 3012 704 3050 auno
719 2999 772 3054 588
788 2990 827 3049 ad
848 3000 914 3064 594,
938 2992 996 3068 ipsi
1012 2990 1135 3049 Laelius
1157 2997 1187 3048 et
1202 2986 1304 3066 Scipio

168 3094 254 3153 nimis
275 3092 495 3153 adulescentuli
518 3095 629 3153 luerint
648 3115 737 3174 quam
763 3097 815 3174 qui
838 3093 889 3152 vel
911 3094 1003 3152 talem
1028 3113 1150 3172 operam
1176 3091 1304 3170 praesti·
1377 3138 1382 3147 .

169 3196 241 3255 tisse
261 3196 313 3256 vel
333 3196 495 3272 significati
511 3216 578 3255 esse
600 3195 701 3255 vorbis
717 3196 913 3255 Terentiauis
933 3194 1016 3254 credi
1032 3195 1157 3273 possint.
1194 3194 1235 3251 Et
1250 3192 1301 3251 bo·

168 3317 230 3357 rum
247 3297 370 3380 quidem
390 3297 466 3357 illud
480 3300 591 3360 Santra
613 3298 827 3369 inconsultiuS,
849 3298 908 3356 hoc
927 3306 1028 3355 aretem
1053 3294 1134 3354 idem
1155 3316 1214 3353 non
1237 3314 1304 3373 pro·

169 3400 249 3460 lecto
265 3400 330 3459 sine
344 3401 471 3458 ratione.
494 3402 571 3461 Nam
585 3400 689 3479 Scipio
705 3401 730 3459 si
747 3410 794 3459 est
810 3420 888 3459 enno
905 3408 956 3463 569
970 3407 1068 3469 natus,
1085 3417 1195 3455 annum
1209 3396 1304 3455 unde·

169 3502 343 3562 vicesimum
360 3501 470 3578 agelrat
487 3524 545 3583 qno
560 3513 695 3581 tempore
711 3503 844 3569 scribere
861 3502 1025 3560 Terentius
1042 3500 1152 3577 coepit,
1169 3500 1306 3578 quintum

169 3614 199 3664 et
214 3605 391 3664 vicesimum
417 3625 475 3684 quo
498 3603 682 3664 desiit:·nec
704 3606 797 3664 multo
820 3605 913 3662 maior
936 3613 1009 3661 natu
1026 3600 1150 3660 Laelius
1172 3602 1244 3676 fuit,
1267 3599 1306 3658 ab

168 3705 224 3766 bac
245 3716 345 3764 autem
365 3714 465 3766 aetate
481 3727 549 3766 cum
565 3727 675 3766 caussa
691 3708 805 3765 nonsit
823 3727 875 3765 cur
891 3705 1066 3764 facultatem
1084 3703 1234 3782 poetieam
1253 3700 1304 3759 ab·

169 3808 343 3882 iudicemus,
356 3811 534 3886 praesertim
548 3809 578 3867 in
592 3819 652 3867 tam
665 3808 743 3867 benc
759 3809 922 3885 ingeniatis
937 3818 1059 3887 tamque.
1077 3805 1243 3863 liberaliter
1262 3805 1306 3861 in·

169 3911 280 3969 stitutis
300 3896 557 3983 adulescentibus,
575 3918 677 3969 tamen
691 3912 721 3969 in
735 3909 864 3969 eandem
881 3930 971 3987 aegre
987 3928 1060 3968 siene
1073 3905 1234 3981 intellegas
1253 3905 1306 3984 qui
1364 3905 1367 3911 '

170 4011 222 4071 iila
232 4024 280 4073 sat
292 4012 447 4071 commode
459 4015 643 4072 conveniant
658 4014 715 4088 ‘qui
723 4014 797 4070 scobis
808 4016 946 4070 urriuorsr's
958 4021 983 4068 et
990 4012 1093 4086 populo
1101 4013 1221 4083 pluerat,
1240 4024 1306 4078 qao-

170 4133 231 4172 rum
252 4134 338 4189 opero
353 4119 381 4173 ia
398 4118 479 4185 bello,
496 4119 524 4170 in
542 4119 608 4185 otio,
635 4120 662 4172 in
683 4119 785 4191 scopatio
807 4133 856 4172 suo
878 4117 994 4187 quisquc
1016 4122 1135 4186 tempore
1155 4115 1233 4165 riserat
1248 4111 1306 4162 sinc

169 4219 322 4291 superbio&
361 4218 519 4276 ‘Placere’
545 4215 667 4295 (pridem
682 4216 795 4296 populo
811 4216 953 4274 universo
970 4215 1073 4292 Scipio
1094 4213 1153 4270 iarn
1176 4207 1246 4266 indo
1268 4206 1305 4265 ab

171 4327 316 4383 annotasti
340 4318 400 4378 dici
414 4319 513 4398 potuit
531 4318 715 4391 rectissime,
738 4337 796 4397 quo
817 4315 869 4374 ille
890 4317 1000 4375 aetatis
1019 4334 1128 4374 alinum
1146 4310 1306 4389 septimum

103 4464 107 4471 .
172 4428 202 4478 ot
227 4419 375 4479 decimum
403 4440 497 4497 agens
520 4440 581 4478 non
607 4420 714 4479 solitae
738 4415 924 4477 fortitudinis
947 4416 1076 4475 bellicae
1099 4412 1253 4493 specimen
1277 4412 1306 4467 in

222 4535 340 4571 arerem
359 4536 421 4572 aru.
1063 4514 1103 4576 33
