2964 5002
657 395 760 433 (trr‘rr
779 396 815 433 111
1245 377 1301 434 tul

166 564 262 623 neque
283 554 388 602 tamen
411 543 462 601 vel
486 562 554 602 eum
577 545 630 623 qui
656 543 819 602 chronicon
846 543 982 602 condidit
1006 546 1102 621 ipsum
1127 545 1307 613 Suetonium

166 644 277 704 adiisse
292 654 376 723 puto.
409 645 605 703 consentiunt
622 645 701 702 enim
720 645 785 702 eius
803 654 949 722 excerpta
972 643 1039 701 cnm
1055 645 1191 722 plurimis
1209 646 1305 703 Grae·

167 765 267 803 corum
283 746 583 824 chronographorum
603 746 692 816 locis,
709 754 741 802 nt
757 745 906 823 adpareat
920 745 975 803 hos
992 765 1052 802 non
1067 745 1163 809 solum
1176 745 1307 803 eundern

166 866 231 904 cum
243 865 280 905 eo
292 857 449 905 auctorem
462 845 517 904 sed
530 856 560 905 et
572 846 702 904 eundem
717 845 798 904 illius
812 848 1041 924 epitomatorem
1053 848 1149 926 sequi.
1166 848 1225 904 iam
1238 867 1306 905 enm

167 957 284 1007 constet
298 948 421 1006 illorum
434 967 621 1007 communem
638 949 752 1006 sentem
767 949 908 1007 Africani
931 948 1203 1026 chronographiam
1227 967 1305 1021 esse,

167 1050 257 1107 etiam
267 1049 413 1108 Latinum
429 1049 593 1108 'chronicon
610 1070 648 1109 ex
660 1051 719 1108 hoc
731 1061 876 1130 excerpta
886 1070 943 1110 sua
953 1051 1145 1110 Suetoniana'
1153 1051 1307 1128 recepisse

166 1161 259 1228 patet.

252 1250 378 1328 Quibus
402 1253 434 1311 in
456 1253 594 1331 reliquiis
619 1255 730 1332 optimo
756 1253 855 1330 qualis
879 1255 957 1312 ratio
982 1253 1110 1312 Suetoni
1134 1255 1308 1332 antiquaria

167 1355 260 1412 luerit
275 1355 424 1412 cernitur:
440 1375 501 1432 qua
519 1364 552 1412 ut
568 1355 656 1413 Servi
674 1357 757 1414 Aen.
774 1355 822 1412 XI
837 1361 887 1417 787
906 1354 1016 1412 iudicio
1032 1354 1070 1412 de
1078 1355 1217 1414 Varrone
1231 1375 1306 1432 pan·

168 1456 227 1513 lurn
249 1457 399 1514 inmutato
420 1464 489 1513 utar
511 1465 753 1534 expugnatorem
779 1455 893 1534 uhique
922 1475 1027 1513 sacrae
1056 1459 1220 1515 momoriae
1244 1457 1305 1514 Ro·

168 1577 322 1615 manorum
338 1576 371 1615 se
387 1567 536 1634 praestat,
559 1577 649 1638 quam
669 1557 777 1614 misere
794 1558 825 1614 in
845 1556 1074 1616 similitudinem
1094 1558 1307 1618 vilissimarum

169 1657 464 1717 narratiuncularum
487 1660 632 1737 corrupit.
674 1658 783 1716 Ianum
809 1668 839 1716 et
863 1657 1026 1724 Saturnum
1048 1669 1082 1716 ut
1101 1659 1176 1721 deos
1199 1661 1306 1734 omisit,

168 1760 246 1819 nihil
262 1769 401 1820 sanctum
415 1760 500 1818 illum
517 1759 723 1839 septenarium
741 1780 897 1820 numerum
912 1780 1016 1836 rogum
1032 1761 1235 1820 Romanorum
1256 1783 1307 1820 cu-

167 1871 232 1934 rat,
250 1882 319 1920 curn
332 1863 437 1919 Titum
452 1862 576 1920 Tatium
596 1862 723 1920 inserat:
755 1873 786 1919 ot
804 1862 947 1938 vulgares
965 1863 1034 1920 illos
1054 1863 1172 1921 fabulas
1191 1863 1229 1921 de
1245 1865 1306 1921 Ro·

168 1964 238 2022 muli
255 1973 285 2022 et
297 1963 448 2043 Tarquini
464 1982 539 2021 nece
557 1975 586 2020 et
603 1963 642 2021 de
656 1959 774 2022 Numae
788 1975 818 2022 et
830 1965 979 2044 Tarquini
997 1967 1129 2023 inventis
1141 1967 1309 2043 praecipua

172 2085 243 2124 cura
257 2075 436 2143 persecutus
455 2075 511 2124 est.
543 2076 576 2122 ut
596 2065 740 2124 indicium
758 2064 840 2144 qnod
854 2067 1058 2125 hlommseuns
1076 2067 1096 2124 l.
1113 2087 1140 2124 c.
1156 2088 1185 2145 p.
1201 2077 1253 2128 600
1269 2068 1307 2126 de

169 2166 224 2225 hac
242 2168 361 2228 ratione
378 2167 467 2224 facit:
494 2170 565 2224 ‹ruch
578 2179 657 2240 pessi
675 2172 717 2225 die
730 2173 855 2241 per'stlore
869 2170 1056 2242 Beorteitunp
1071 2172 1119 2225 des
1136 2173 1308 2243 Srrprrrstoffs

170 2280 249 2326 witer
266 2273 339 2325 allen
362 2272 517 2326 rrinrist’lren
533 2270 751 2342 Schrr'slstellerrr
774 2289 818 2324 ont
835 2268 925 2327 beaten
946 2275 999 2340 sitr
1023 2272 1124 2325 Sru’ton
1145 2274 1197 2325 den
1218 2272 1306 2327 Murra

169 2373 217 2426 der
232 2371 429 2426 Antirhumhre
444 2373 502 2427 und
515 2374 566 2427 der
579 2375 734 2428 Arrecdoteu
749 2370 947 2429 iustissimum
962 2368 1113 2427 videatur.
1133 2371 1177 2427 sic
1194 2370 1307 2430 factum

169 2480 213 2530 est
226 2479 260 2529 ut
271 2491 386 2530 summo
398 2471 502 2530 favore
515 2493 533 2530 a
546 2473 727 2530 Christianis
739 2473 801 2530 illis
815 2472 1050 2549 chronographis
1061 2472 1249 2529 Suetoniuna
1261 2494 1305 2531 re-

169 2592 236 2650 gum
252 2574 459 2632 Romanorum
476 2573 601 2632 historia
616 2577 823 2651 exciperetur,
840 2575 952 2654 quippe
969 2574 1078 2652 quihus
1094 2572 1170 2631 tales
1183 2571 1306 2631 fnhulac

170 2673 206 2733 de
221 2676 388 2752 originibus
400 2675 505 2754 populi
517 2678 646 2734 Romani
659 2677 818 2734 admodum
833 2677 998 2754 placerent.
1012 2676 1050 2734 cf.
1062 2677 1239 2732 Monnnseu.
1254 2675 1272 2732 l.
1281 2695 1305 2732 c.

168 2788 265 2855 p.599.
282 2778 545 2836 ubihlornmsenus
561 2779 619 2836 sihi
633 2799 692 2835 non
708 2780 879 2838 constitisse
895 2778 1023 2849 videtur,
1039 2777 1307 2836 conchristianos

170 2881 250 2959 ipsos
262 2880 318 2939 has
325 2879 445 2938 fabulas
453 2881 661 2957 confingentes
671 2881 773 2938 faciat.
787 2902 856 2938 narn
867 2901 895 2958 p.
904 2879 1172 2941 600easdernfalsa
1185 2879 1307 2959 quidem

171 2985 431 3062 argumentatione
444 2982 497 3042 sed
510 2994 594 3041 recto
611 2993 712 3042 tamen
727 2984 779 3042 ille
794 2985 907 3042 indicio
920 3004 991 3042 usus
1009 2985 1156 3043 Suetonio
1173 2985 1286 3043 tribuit.

254 3086 350 3166 Sequi
366 3084 456 3143 iubeo
468 3089 603 3142 ludicrum
614 3089 754 3144 instoriam
767 3085 797 3143 id
815 3096 860 3143 cst
876 3083 1014 3142 ludorum
1026 3086 1190 3162 historiam,
1207 3088 1309 3167 inqua

171 3188 367 3267 inscriptione
380 3185 460 3245 idem
473 3208 545 3246 usus
558 3186 703 3246 adiectivi
717 3188 901 3266 conspicitur
915 3197 1006 3264 atque
1019 3187 1048 3244 in
1061 3189 1148 3245 titulo
1160 3190 1308 3247 naturalis

172 3289 315 3348 historiae
328 3290 481 3348 Pliniano.
500 3309 587 3368 porro
605 3290 761 3347 simillima
774 3299 820 3348 est
829 3289 950 3348 Graeca
962 3289 1057 3345 Inbue
1071 3291 1227 3368 inscriptio
1235 3295 1307 3348 θεα-

170 3384 254 3467 τρικὴ
267 3390 389 3470 ἱστορία.
398 3391 536 3450 ludicrae
549 3393 641 3468 igitur
653 3392 799 3449 historiae
813 3390 924 3449 diserte
933 3391 1061 3468 primum
1069 3391 1175 3450 librum
1186 3376 1307 3451 Gellius

171 3495 245 3554 Vlll
262 3503 293 3568 7,
309 3504 326 3556 3
346 3493 467 3570 (fragm.
487 3494 547 3571 181)
565 3495 687 3551 citavit:
716 3504 819 3572 partes
836 3494 900 3551 eius
917 3491 1065 3550 indicavit
1080 3491 1202 3567 Suidas,
1219 3516 1309 3574 quem

172 3598 259 3655 etiam
275 3597 413 3655 hocloco
435 3607 538 3676 partes
554 3595 677 3675 quidem
695 3616 751 3654 nec
769 3605 869 3653 tamon
888 3596 996 3653 lihrnrn
1015 3614 1074 3672 quo
1091 3595 1163 3654 illae
1182 3618 1308 3674 conpre-

170 3698 376 3759 henderentur
390 3719 480 3758 nosse
500 3699 637 3779 adparet.
668 3698 723 3756 sed
742 3719 780 3756 ne
796 3708 900 3777 partes
916 3697 1039 3776 quidem
1059 3718 1163 3757 omncs
1179 3701 1207 3757 ei
1223 3701 1308 3757 iuno·

172 3803 263 3861 tuisse
282 3799 442 3872 videntur,
474 3801 624 3879 siquidem
645 3801 763 3859 ludicra
785 3802 911 3860 historia
932 3820 950 3856 a
967 3801 1148 3880 'l'ranquillo
1170 3800 1310 3858 absoluta

172 3913 224 3964 est.
258 3903 354 3962 habet
370 3904 448 3962 enirn
463 3903 541 3961 haec
571 3906 602 3961 in
628 3905 728 3981 capite
758 3902 905 3979 catalogi:
937 3899 1048 3979 ἔγραψε
1070 3899 1135 3977 περὶ
1159 3904 1217 3959 τῶν
1237 3893 1307 3978 παρ’

162 3991 281 4081 Ἕλλησι
294 4002 424 4063 παιδιῶν
435 4004 554 4082 βιβλίον
563 3999 606 4060 u'·
623 4002 689 4079 περὶ
703 4005 760 4062 τῶν
772 3993 852 4082 παρὰ
860 3995 1010 4079 Ῥωμαίοις
1021 4003 1158 4081 θεωριῶν
1170 4000 1219 4060 καὶ
1233 3994 1309 4080 dyei-

172 4127 228 4164 νων
237 4106 341 4184 βιβλία
352 4106 371 4183 β
378 4098 401 4163 ':
417 4106 630 4168 desiderantur
642 4109 760 4167 scilicet
771 4096 884 4185 ἀγῶνες
896 4109 1092 4180 Graecorum,
1103 4107 1309 4164 Romanorum

171 4206 295 4266 παιδιαί.
331 4219 423 4289 atque
438 4210 558 4269 illorum
572 4213 685 4269 mentio
701 4211 804 4268 nescio
820 4231 879 4289 quo
897 4231 969 4269 casu
988 4212 1018 4268 in
1032 4210 1150 4267 titulum
1169 4206 1309 4265 diversae

172 4313 264 4387 partis
276 4331 357 4391 quae
370 4310 408 4370 de
421 4314 603 4390 spectaculis
616 4313 818 4370 Romanorum
830 4313 944 4390 scripta
957 4322 1022 4370 erat
1033 4311 1173 4387 inrepsit,
1191 4318 1223 4366 ut
1240 4309 1308 4368 Sui·

173 4411 224 4472 das
237 4414 353 4473 invitus
365 4415 429 4492 ipse
444 4426 615 4493 corruptam
630 4413 964 4491 momoriamcorrigere
976 4413 1125 4472 videatur.
1139 4411 1178 4470 de
1193 4411 1309 4470 lusibus
