2964 5002
164 341 202 398 iii
514 350 578 397 'ns
604 358 690 399 turns
712 358 926 398 mmsrnuus

164 514 276 589 egerat
303 527 376 566 curu
406 503 522 584 Vario,
556 493 746 589 priusquam
769 503 867 566 ltalia
895 503 1083 584 decederet,
1117 514 1152 566 ut
1178 504 1311 590 siquid

165 605 226 667 sihi
259 603 434 667 accidisset
473 604 622 667 Aeneida
656 605 876 686 cornbnrerct3
902 652 904 657 Α
928 604 985 667 sed
1018 605 1047 667 is
1075 603 1239 667 facturum
1276 628 1311 669 se
1346 644 1348 648 ·

163 714 368 791 pernegarat.
404 706 502 789 igitur
527 706 559 767 in
584 714 730 769 extrema
751 704 940 769 ualetudine
957 706 1089 769 assidue
1111 708 1234 769 scrinia
1256 706 1311 768 de·

165 806 323 869 sideranit
352 818 555 869 crematurus
588 807 673 892 ipse:
726 828 839 869 uerum
875 806 1003 868 nemine
1038 806 1194 870 offerente
1228 807 1309 869 nihil
1376 884 1379 888 1

91 901 93 905 ’
164 906 293 992 quidem
315 907 506 969 nominatim
531 906 570 970 de
594 928 632 970 ea
656 908 760 985 cauit,
787 916 929 970 ceterum
954 907 1060 971 eidem
1082 906 1183 970 Vario
1206 927 1244 969 ac
1268 908 1332 969 si-r.

164 1007 231 1071 mul
252 1007 382 1070 Tuccac
406 1008 527 1091 scripta
553 1029 613 1069 sua
636 1006 696 1071 sub
721 1030 759 1070 ea
785 1008 972 1071 conditione
996 1007 1136 1091 legauit,
1168 1008 1310 1094 nequid

164 1109 298 1173 ederent
323 1108 408 1193 quod
432 1130 497 1170 non
526 1130 545 1170 a
573 1131 606 1171 se
630 1108 753 1171 editum
780 1117 877 1172 esset.
915 1108 1019 1173 edidit
1044 1119 1153 1172 autem
1178 1118 1311 1173 auctore

164 1211 315 1293 Augusto
331 1209 450 1271 Varius
471 1209 528 1271 sed
544 1210 727 1272 summatim
745 1209 931 1284 emendata,
952 1219 987 1272 ut
1007 1211 1062 1296 qui
1081 1229 1196 1273 uersus
1212 1211 1309 1273 ctiam

164 1311 361 1396 inperfectos
392 1311 475 1372 sicut
503 1323 595 1372 erant
620 1308 808 1394 reliquerit3
836 1331 917 1395 quos
940 1310 1032 1374 multi
1059 1331 1135 1375 mox
1159 1309 1311 1396 supplere

165 1412 271 1475 coristi
294 1433 358 1474 non
384 1410 520 1496 perinde
544 1410 717 1474 ualuerunt
740 1409 781 1473 ob
810 1410 1054 1491 difficultatem,
1085 1410 1173 1496 quod
1202 1414 1346 1475 omniau

165 1513 233 1576 fere
257 1513 341 1599 apud
372 1534 444 1575 curu
473 1511 677 1587 hemistichia
705 1509 854 1575 absoluto
877 1513 1087 1599 perfectoque
1111 1520 1187 1575 sunt
1213 1535 1312 1576 sensu

163 1623 293 1698 praeter
316 1613 411 1676 illud:
457 1617 571 1697 ‘quem
600 1613 660 1675 tibi
688 1609 816 1674 Troia’.
865 1596 975 1674 h'isus'
994 1614 1225 1696 grammaticus
1256 1636 1310 1676 au-

166 1715 253 1778 disse
262 1737 296 1778 se
309 1737 328 1777 a
340 1713 521 1777 senioribus
534 1711 652 1793 aiebat,
665 1711 801 1775 Varium
813 1712 978 1796 [duorum]
993 1714 1149 1778 librorum
1163 1714 1310 1778 ordinem

165 1824 382 1879 commutasse
411 1824 442 1876 et
470 1814 524 1898 qui
548 1834 634 1875 nunc
662 1814 824 1876 secundus
852 1815 894 1876 sit
922 1814 970 1896 (in
999 1815 1136 1900 primunr
1145 1863 1154 1895 ‚
1179 1817 1312 1878 tertium

253 2020 340 2082 lsqq.
377 2019 484 2068 Plinius
502 2019 534 2067 N.
554 2019 589 2067 ll.
609 2019 660 2068 vn
678 2018 720 2079 30,
740 2018 785 2068 31:
823 2016 920 2068 ‘Diues
938 2021 1077 2083 Augustus
1101 2021 1226 2069 carmina
1245 2021 1311 2081 yer-

166 2089 215 2151 gili
239 2087 355 2135 cremari
380 2096 476 2135 contra
500 2087 558 2134 eius
583 2087 741 2135 testamenti
766 2088 962 2136 uerecundiam
991 2088 1078 2136 netnit
1101 2089 1245 2152 maiusque
1274 2090 1312 2136 ita

165 2156 223 2205 uati
243 2155 428 2202 testiinonium
453 2154 584 2217 contigit,
609 2155 732 2217 quamsi
754 2155 812 2218 ipso
840 2169 892 2225 sua
914 2153 1110 2219 probauisset.'
1147 2157 1182 2203 ef.
1205 2155 1313 2203 Gellius
1343 2162 1345 2166 '

165 2223 242 2271 xvlr
265 2221 309 2282 lo,
329 2222 343 2268 7
362 2221 520 2270 llacmhius
539 2226 592 2269 sat.
612 2223 624 2269 1
643 2222 690 2282 tl,
709 2219 733 2273 (i.

253 2288 283 2339 13
295 2304 352 2353 sqq.
372 2289 483 2337 servius
497 2290 584 2353 praef.
600 2290 682 2338 Aen:
703 2287 785 2338 ‘Ordo
805 2305 910 2353 qnoque
924 2290 1087 2338 manifestus
1107 2296 1158 2351 est,
1172 2289 1239 2343 licet
1253 2291 1312 2354 qui-

166 2358 227 2406 darn
235 2357 370 2422 superflue
384 2357 487 2418 dicant,
501 2357 648 2405 secundnm
661 2358 775 2421 primum
790 2372 850 2405 esse
864 2358 976 2406 tertium
991 2356 1140 2406 secundum
1154 2364 1182 2406 et
1194 2359 1313 2422 primurn

166 2427 291 2475 tertium:
315 2425 378 2473 ideo
397 2425 461 2488 qnia
481 2425 567 2487 primo
586 2424 664 2472 llinnr
684 2424 813 2481 concidit,
835 2431 896 2487 pust.
918 2426 1023 2472 errauit
1046 2426 1169 2480 Aeneas,
1195 2425 1259 2473 inde
1278 2427 1313 2474 ad

166 2494 282 2542 Didonis
306 2508 393 2556 regna
416 2492 555 2555 peruenit:
584 2492 741 2539 nescientes
771 2491 841 2539 hauc
866 2509 926 2540 csse
953 2500 1038 2541 artem
1062 2495 1216 2556 poeticam,
1242 2502 1270 2541 nt
1297 2510 1312 2541 a

166 2562 263 2609 mediis
294 2560 460 2624 incipientes
488 2575 537 2623 per
561 2560 745 2607 narrationem
770 2559 803 2607 ad
829 2561 917 2623 prima
941 2560 1084 2608 redeamus
1107 2567 1135 2608 et
1157 2575 1211 2608 non
1235 2576 1312 2608 nnrn·

166 2645 246 2692 quarn
267 2629 359 2677 futura
377 2641 619 2691 praeoccupemus,
640 2632 668 2674 nt
687 2642 735 2690 per
753 2628 992 2675 uaticinationenr.
1030 2626 1100 2690 qnod
1119 2627 1203 2676 etiarn
1223 2628 1311 2676 llora·

165 2699 221 2745 tius
239 2698 280 2744 sie
293 2695 431 2760 praecipit
450 2696 550 2742 inerte
569 2695 693 2756 poet-ica:
713 2693 748 2740 vt
767 2695 821 2741 iarn
841 2709 912 2743 nnnc
926 2694 1002 2742 dicat
1016 2695 1068 2742 iam
1088 2709 1160 2743 nnnc
1180 2695 1312 2743 debentia

165 2764 231 2825 dici,
250 2763 385 2826 Pleraque
405 2762 516 2810 differat
535 2767 562 2809 et
579 2776 711 2825 praesens
724 2762 753 2808 in
771 2768 878 2825 tompus
891 2762 1010 2811 omittat.
1047 2762 1118 2810 unde
1135 2761 1246 2811 constat
1265 2780 1310 2827 pe·
1344 2800 1349 2809 .

165 2832 217 2880 rite
237 2831 337 2879 fecisse
357 2827 521 2895 l'irgiliurn.¹

168 3016 205 3074 de
227 3011 420 3093 ipsar‘eanen
446 3038 477 3074 re
499 3036 605 3074 uersus
620 3015 724 3094 plnres
736 3030 776 3074 ct
794 3016 971 3087 clarissimi,
990 3035 1116 3094 quornm
1132 3011 1255 3074 initium
1270 3019 1312 3075 itu

168 3111 228 3158 est:
254 3101 395 3176 ‘Ergone
410 3101 558 3179 supremis
574 3102 672 3178 potnit·
688 3121 745 3158 uox
765 3101 900 3178 improba
911 3099 1014 3157 uerbis
1029 3100 1107 3157 'l'arn
1119 3100 1216 3158 dirum
1229 3122 1311 3159 man·

168 3186 240 3243 dare
256 3185 363 3243 nefas?
383 3205 453 3262 ergo
469 3185 522 3243 ihit
537 3186 573 3242 in·
585 3188 671 3261 ignes
686 3187 860 3264 Magnaque
881 3185 1047 3262 doctiloqui
1065 3185 1210 3242 morietur
1223 3185 1313 3244 Musa

122 3329 124 3333 ,
167 3269 336 3329 Maronis‘i'
369 3279 399 3328 et
422 3271 618 3347 paulopost:
650 3270 722 3328 ‘scd
748 3270 850 3345 legum
872 3268 1022 3327 senranda
1043 3269 1133 3326 tides:
1169 3289 1312 3347 suprema

167 3355 306 3412 noluntas
323 3354 413 3430 Quod
430 3355 554 3412 mandat
569 3355 694 3433 fierique
712 3354 809 3423 inber,
831 3374 938 3431 parere
957 3364 1083 3411 necesse
1102 3364 1157 3411 est.
1175 3356 1310 3432 Franga-

169 3450 215 3496 tnr
231 3440 331 3516 potins
348 3439 449 3515 legum
466 3439 643 3497 ueneranda
654 3449 808 3517 potestas:
840 3439 939 3515 tinam
959 3447 1004 3496 tot
1024 3448 1184 3516 congestos
1207 3444 1313 3498 noctes

169 3525 295 3602 diesque
318 3523 439 3581 labore-s
456 3524 603 3581 Hauserit
622 3543 683 3582 nnn
701 3523 793 3582 dics.’
828 3534 857 3579 et
874 3543 1007 3601 eaquae
1027 3533 1203 3603 sequuntur.
1237 3524 1313 3581 nihil

169 3610 259 3683 igitur
275 3618 398 3666 anctore
413 3610 550 3684 Augusto
568 3608 679 3666 Varius
694 3607 789 3666 edidit
811 3607 945 3683 (addidit
960 3608 1172 3686 Burmannus),
1189 3608 1269 3687 quod
1283 3619 1314 3666 et

168 3696 253 3752 Mare
270 3703 484 3771 praeceperat,
516 3692 571 3750 sed
586 3693 756 3751 summatim
772 3692 962 3763 emendatur,
981 3703 1014 3751 nt
1030 3695 1081 3772 qui
1099 3714 1205 3752 uersus
1222 3696 1312 3752 ctiam

169 3780 363 3855 imperfectos
380 3781 403 3834 si
422 3779 472 3855 qni
490 3786 576 3834 erant
592 3779 723 3857 reliquit.
752 3777 807 3836 hos
822 3777 907 3835 multi
923 3797 993 3835 mox
1016 3779 1159 3855 supplere
1179 3779 1279 3836 conati
1298 3800 1315 3846 ς

169 3861 172 3943 l
199 3874 207 3923 Ι
227 3883 301 3920 nare
322 3858 408 3942 Biia
428 3852 481 3920 sed
496 3867 615 3933 scripsi:
637 3873 667 3920 et
686 3865 740 3920 BR
755 3857 769 3943 ΙΙ
785 3882 876 3940 super
890 3873 1020 3938 negarat
1040 3866 1063 3919 R
1080 3858 1092 3942 ll
1108 3874 1125 3923 3
1142 3863 1313 3920 ualitudine

167 3951 193 4005 R
215 3944 227 4029 ll
248 3960 263 4008 5
280 3968 352 4004 nare
371 3950 394 4004 Il
416 3942 428 4027 ll
449 3958 572 4008 tinarns
588 3950 614 4003 R
631 3942 644 4028 ll
659 3958 675 4010 9
688 3947 882 4026 imperfectos
899 3949 947 4014 Βς
961 3941 974 4028 Η
989 3948 1067 4005 sicut
1083 3951 1260 4004 Gronovius:
1287 3949 1313 4004 si

168 4034 220 4112 qui
236 4035 309 4101 Bag
323 4028 335 4112 ll
355 4043 379 4092 u
397 4051 463 4089 eum
478 4052 531 4089 orn.
547 4035 571 4086 B
587 4027 599 4109 Ι]
617 4032 795 4090 euristhicha
806 4036 833 4088 B
849 4028 862 4111 {J
876 4031 1069 4089 hemistichia
1081 4039 1204 4109 praeter
1221 4031 1311 4089 illud:

167 4117 286 4196 ‘Quem
302 4118 355 4174 tihi
376 4118 432 4174 iam
448 4118 542 4173 Troia
564 4117 701 4194 peperit'
718 4131 839 4175 sensum
855 4115 997 4173 uidentur
1013 4115 1125 4174 habere
1143 4117 1312 4192 perfectum

168 4201 212 4283 gli
228 4215 295 4260 sunt
315 4223 368 4275 ona
399 4206 422 4258 B
437 4197 449 4281 ll
466 4222 585 4258 sensum
611 4204 635 4258 R
652 4196 665 4280 ΙΙ
688 4212 718 4262 13
739 4222 771 4259 sc
787 4222 840 4258 ona
864 4204 890 4257 B
906 4196 918 4280 ll
934 4199 1056 4258 dicebat
1069 4222 1087 4268 ς
1100 4196 1113 4282 Η
1128 4221 1232 4258 nnnnn
1256 4204 1280 4257 B
1299 4197 1310 4281 li

167 4289 291 4345 ‹luni-run
313 4292 417 4344 seclusi
430 4282 443 4365 ll
463 4298 492 4346 it
512 4288 563 4363 qui
586 4306 666 4343 nunc
686 4284 838 4343 secundus
859 4286 896 4342 sit
917 4287 969 4341 BR
994 4287 1045 4363 qui
1070 4296 1132 4342 turn
1159 4285 1312 4343 sccundus

168 4383 232 4431 erat
247 4395 264 4441 ς
277 4368 290 4454 ll
306 4373 335 4430 in
348 4372 472 4449 prirnnm
482 4416 489 4446 ,
501 4371 663 4429 tertiunnin
674 4369 855 4444 securulmn,
867 4371 994 4449 primum
1010 4373 1132 4428 adelidis
1145 4372 1245 4429 Seruio
1256 4375 1274 4428 i.
1288 4389 1312 4429 c.

864 4460 872 4483 ἱ
