2964 5002
357 390 599 433 ascensuram
615 392 704 433 aram
727 394 770 434 as
792 360 879 434 naua
902 393 1106 437 naunnoavu
1203 445 1207 456 ¹
1248 374 1307 438 189

172 539 243 589 iecit:
266 544 295 589 et
307 539 443 591 Ianuaria
462 541 571 605 quidem
584 541 644 592 dies
656 556 723 606 quas
735 542 850 592 dicimus
863 548 988 607 quartum
1006 549 1035 593 et
1051 544 1160 593 tertium
1173 543 1314 595 Kalendas

171 606 332 658 Februarias
344 608 437 669 dedit,
455 608 545 674 Aprili
563 613 669 659 sextum
680 608 823 660 Kalendas
834 611 938 671 Maias,
956 611 1034 659 lunio
1052 611 1161 660 tertium
1173 611 1314 661 Kalendas

171 674 256 729 iulias.
269 676 397 741 Augusta
411 684 540 741 quartum
557 682 585 725 et
603 677 713 726 tertium
726 677 869 727 Kalendas
883 678 1073 742 Septembres,
1087 679 1241 743 Septembri
1260 684 1313 728 ter·

171 742 230 791 darn
242 742 388 793 Kalendas
400 742 550 801 Octobres,
562 744 710 794 Nouembri
723 745 832 794 tertium
844 745 987 795 Kalendas
999 745 1183 807 Decembres,
1196 747 1313 796 Decem·-

171 809 209 858 bri
220 826 284 859 uero
297 816 426 875 quartum
440 816 470 860 et
482 811 592 861 tertium
604 811 745 861 Kalendas
755 813 909 862 lanuarias.
931 813 969 861 lll.
982 813 1020 861 ita
1031 814 1134 862 facttnn
1147 817 1189 863 cst
1201 819 1238 873 nt,
1253 829 1313 863 cum

171 892 258 927 amnes
271 878 300 928 bi
319 893 432 929 menses
445 878 544 943 quibus
561 879 621 927 dies
640 879 744 929 addidit
762 886 826 929 ante
843 880 915 928 banc
934 880 1133 930 ordinationem
1150 880 1314 930 habuissent

171 946 266 994 nensis
279 944 424 1010 sequentia
436 946 581 996 Kalendas
598 946 633 996 ad
650 947 795 1011 septimum
814 947 947 997 decimum
961 953 1146 1007 reuertentes,
1164 954 1261 1012 pastea
1279 964 1313 998 ax

171 1022 314 1077 augmenta
333 1012 490 1063 additarum
507 1014 610 1063 dierum
626 1013 656 1063 hi
678 1015 724 1078 qai
745 1014 812 1063 duos
830 1022 998 1079 acceperunt
1011 1015 1044 1064 ad
1056 1030 1156 1065 reanum
1168 1016 1312 1078 decimum,

171 1080 212 1145 qni
221 1095 289 1129 nero
300 1094 394 1143 marn,
407 1080 445 1130 ad
457 1086 585 1131 aetatium
597 1081 730 1131 decimum
740 1081 876 1131 baberent
886 1082 1001 1131 reditum
1011 1082 1205 1132 Kalendarum.
1222 1082 1261 1131 ll.
1272 1084 1312 1133 r'e·

170 1148 266 1197 riarum
278 1153 374 1198 tamen
387 1148 520 1213 cuiusque
535 1150 636 1199 mensis
648 1148 714 1198 ardo
727 1156 852 1200 seruatus
866 1154 916 1198 eat.
929 1165 992 1199 nam
1004 1150 1028 1199 ei
1040 1150 1084 1199 eui
1097 1151 1155 1199 fere
1167 1151 1264 1200 tertius
1277 1152 1312 1201 ab

171 1214 259 1265 ldibna
271 1214 334 1265 dies
347 1216 436 1265 tostus
449 1222 498 1264 aut
510 1215 626 1266 feriatus
635 1216 688 1265 fuit
700 1223 729 1266 et
741 1222 805 1266 tuuc
819 1233 845 1266 a.
859 1217 884 1266 d
898 1223 1004 1266 eertum
1017 1217 1151 1266 decimum
1158 1218 1311 1280 dicebatur,

171 1282 248 1333 etiam
260 1289 326 1349 past
338 1288 516 1349 augmentum
529 1283 632 1333 dicrum
645 1283 742 1334 eadem
754 1283 852 1348 religio
865 1289 977 1333 seruata
990 1290 1045 1346 est,
1066 1293 1096 1334 ut
1108 1285 1190 1334 tertio
1209 1286 1243 1335 ab
1257 1286 1311 1335 ldi-

171 1350 216 1400 baa
232 1350 278 1401 die
291 1349 497 1412 celebraretur,
513 1350 580 1400 licet
596 1351 631 1401 ab
648 1352 819 1401 incrementa
831 1367 887 1401 nan
903 1352 959 1400 iam
972 1368 997 1401 a.
1011 1352 1037 1400 d.
1055 1358 1161 1401 sextum
1177 1352 1311 1402 decimum

170 1417 308 1468 Kalendas
321 1418 370 1469 red
384 1418 451 1479 ad.
465 1419 609 1483 septimum
621 1418 765 1479 decimum,
778 1419 802 1468 si
814 1434 892 1477 unua,
906 1435 931 1469 a.
944 1419 969 1468 d.
984 1426 1111 1468 octauum
1127 1420 1275 1482 decimum,
1288 1420 1311 1470 ai

169 1484 217 1535 dna
232 1492 299 1537 aunt
317 1484 414 1547 additi,
432 1485 578 1535 diceretur.
611 1486 649 1535 lt.
668 1501 733 1536 uam
745 1486 807 1536 idea
824 1502 910 1536 nanos
922 1486 981 1536 dies
999 1488 1075 1536 circa
1087 1486 1168 1537 tinem
1181 1488 1311 1551 cuiusque

168 1554 267 1603 nensis
278 1552 412 1615 inseruit,
423 1553 472 1603 nbi
485 1552 565 1603 finem
579 1554 698 1604 onmium
711 1569 781 1618 quiae
794 1555 822 1602 in
836 1569 929 1603 mense
943 1559 1022 1603 erant
1034 1555 1155 1619 repperit
1172 1555 1311 1619 feriarum,

169 1620 345 1686 adiectaeque
358 1636 453 1671 onmes
466 1638 483 1669 a
495 1634 525 1671 ee
538 1621 691 1672 dicasastos
703 1623 824 1683 notauit,
837 1630 867 1670 ut
879 1622 1009 1671 maiorem
1022 1622 1101 1672 daret
1114 1622 1268 1671 actionibus
1280 1622 1311 1671 li·

168 1688 317 1739 bertatem:
332 1693 361 1739 ct
370 1702 425 1738 nan
434 1687 520 1738 salum
529 1688 631 1738 nullum
643 1689 783 1749 nefastum
795 1690 844 1739 aed
857 1705 908 1739 nec
921 1689 1088 1757 comitialem
1101 1705 1262 1755 quemquam
1276 1691 1310 1740 da

168 1756 282 1807 alicam
293 1756 392 1806 diebus
405 1756 533 1817 instituit,
544 1772 579 1806 ne
593 1757 770 1807 ambitionem
782 1756 991 1821 magistratuum
999 1763 1113 1822 erigeret
1126 1757 1254 1807 adiectio.
1271 1756 1309 1808 1³.

166 1823 203 1873 aie
221 1839 326 1875 annum
343 1823 454 1873 ciuilem
473 1823 578 1874 Caesar
599 1823 702 1875 habitis
725 1825 760 1874 ad
781 1823 875 1874 lunam
897 1824 1111 1875 dimensionibus
1134 1826 1311 1875 constitutum

168 1890 255 1941 edicta
267 1892 363 1957 palam
376 1891 467 1957 posita
479 1890 639 1956 publicauit.
656 1897 684 1941 et
696 1907 772 1942 error
783 1892 922 1956 hueusque
935 1896 1010 1942 ctare
1022 1893 1166 1957 patuisset,
1178 1893 1206 1942 ni
1219 1908 1311 1943 sacer-

166 1958 241 2009 dotea
252 1960 309 2010 eibi
321 1974 442 2010 errarem
454 1974 561 2009 nauuex
573 1960 636 2025 ipsa
648 1960 840 2010 emendatione
854 1960 996 2009 iecissent.
1023 1975 1087 2010 nam
1100 1975 1159 2010 cum
1172 1966 1312 2027 oporteret

167 2027 235 2077 diem
252 2030 301 2093 qui
319 2042 353 2077 ex
370 2026 569 2092 quadrantibus
587 2027 670 2077 eantit
686 2032 783 2092 quarto
801 2043 907 2097 ququo
927 2042 998 2077 anua
1017 2027 1145 2077 confecta
1164 2036 1311 2093 antequam

167 2096 274 2159 quintus
286 2094 433 2159 inciperet,
446 2094 627 2145 intercalare:
641 2094 681 2144 illi
695 2100 792 2159 quarto
804 2111 859 2144 nan
871 2102 985 2160 peracta
998 2096 1047 2144 sed
1063 2095 1214 2160 incipiente
1226 2096 1310 2146 inter·

167 2162 305 2213 edebant
322 2161 361 2213 li.
369 2162 414 2211 bic
426 2178 503 2211 error
513 2161 715 2227 saaettriginta
729 2162 808 2212 annis
815 2162 978 2227 permansit:
990 2162 1087 2226 quibua
1100 2164 1178 2212 annis
1190 2163 1310 2213 interea-

167 2228 215 2281 lati
226 2230 365 2281 annidies
377 2228 536 2291 duodecim,
549 2244 610 2279 curn
622 2230 768 2279 debuerint
778 2230 940 2281 intercalari
952 2246 1059 2280 rrauern.
1089 2231 1137 2279 aed
1155 2230 1227 2279 hunc
1245 2246 1311 2296 qno·

168 2312 216 2361 qae.
229 2313 351 2349 errarem
364 2312 428 2348 sera
440 2296 640 2362 deprehensum
653 2298 772 2349 corrosit
781 2299 928 2363 stagnatur,
941 2298 987 2362 qui
1000 2313 1086 2347 annius
1098 2298 1241 2347 duodecim
1251 2299 1310 2347 sine

167 2365 328 2415 intercalari
340 2366 385 2415 die
398 2365 515 2430 transigi
528 2364 615 2428 iussit,
628 2371 658 2415 ut
669 2364 711 2414 illi
723 2372 780 2415 tras
792 2365 852 2416 dies
865 2366 911 2431 qui
927 2381 978 2430 per
995 2380 1081 2415 arenas
1095 2365 1209 2429 triginta
1222 2371 1250 2413 et
1261 2380 1311 2415 sex

167 2433 231 2484 uitia
252 2432 437 2485 sacerdotalia
461 2432 648 2483 festinationis
672 2439 853 2483 exercuerant
873 2433 1052 2498 sequentibus
1071 2432 1150 2481 arinis
1167 2432 1310 2483 duodecim

167 2500 236 2551 nulla
249 2501 295 2551 die
306 2500 684 2551 intercalatadeaurarentnr.
701 2500 738 2550 15.
746 2506 808 2565 past
817 2499 1189 2550 hocnnumdicmsccundum
1202 2499 1310 2549 ordina-

166 2569 266 2619 tionem
279 2569 411 2619 Caesaris
426 2568 521 2632 quinta
536 2584 641 2633 quaque
653 2569 802 2634 incipiente
813 2584 885 2619 anna
896 2567 1056 2617 intercalari
1066 2567 1154 2625 iussit,
1166 2573 1193 2616 et
1203 2582 1310 2617 orrrnem

167 2636 233 2687 hunc
247 2637 371 2687 ordinem
384 2651 487 2686 aereae
500 2636 611 2686 tabulae
625 2637 660 2686 ad
674 2644 816 2686 aeternam
830 2638 981 2685 aristodium
994 2635 1127 2685 incisione
1141 2635 1292 2683 maculauit.

247 2704 408 2755 Macrobius
424 2710 477 2755 sut.
490 2705 512 2761 1,
532 2703 575 2766 lb,
593 2705 618 2753 «l.
654 2704 696 2754 Ile
715 2704 848 2753 Kalendis
864 2704 949 2753 Nonis
968 2710 996 2751 et
1013 2704 1104 2752 ldibua
1121 2703 1209 2766 deque
1227 2702 1310 2751 leria-

169 2788 221 2822 rum
244 2772 332 2822 uariis
355 2771 593 2822 absentationibus
615 2773 772 2821 inrnuueras
801 2778 928 2821 auctores
951 2787 1017 2820 cura
1041 2771 1209 2835 quaestionis
1234 2786 1309 2818 exer·

168 2841 233 2891 enit:
248 2847 278 2889 et
289 2840 352 2889 idco
364 2856 415 2889 nos
428 2855 498 2903 quae
511 2840 545 2889 de
557 2840 600 2889 bis
613 2840 649 2888 ab
662 2840 786 2890 anrnibus
799 2841 874 2889 dicta
887 2850 950 2889 stent
963 2839 991 2886 in
1004 2854 1085 2887 untun
1099 2839 1221 2887 breuiter
1233 2837 1309 2886 calli-

168 2908 260 2969 gimna.
274 2908 300 2956 b.
314 2907 444 2957 llamnlns
458 2922 518 2957 cum
530 2907 641 2972 ingenia
655 2908 713 2957 ucri
725 2908 888 2972 quidemsed
901 2907 1004 2969 agresti
1018 2912 1117 2956 stratum
1124 2907 1227 2971 proprii
1239 2905 1310 2954 ordi-

169 2984 244 3025 naret
255 2974 364 3040 imperii
376 2975 620 3038 initinmcninsque
628 2975 729 3025 mensis
742 2991 776 3024 ex
788 2975 836 3025 illa
848 2975 976 3024 attinebat
986 2975 1029 3023 die
1043 2990 1094 3038 qua
1106 2990 1205 3023 rratram
1218 2973 1311 3023 lunam

169 3043 328 3109 contigisset
344 3042 441 3092 uideri.
459 3040 483 3090 a.
503 3043 567 3106 qtria
586 3058 640 3092 non
658 3043 786 3093 continno
804 3043 898 3092 euenit
915 3050 944 3092 ιιι
961 3043 1056 3091 eadem
1074 3043 1118 3091 dic
1136 3057 1244 3106 eernpar
1262 3057 1310 3106 ap-

169 3120 271 3175 pareat,
283 3109 333 3159 sed
345 3110 424 3159 rrrado
437 3109 541 3159 tardius
554 3111 632 3160 moda
643 3111 759 3160 celerina
769 3127 802 3161 aa
813 3111 896 3160 certis
907 3111 998 3160 cerasis
1008 3110 1095 3159 uideri
1104 3109 1183 3172 salet,
1195 3110 1312 3174 contigit

169 3184 265 3229 atemn
279 3178 383 3228 tardius
397 3178 525 3242 apparuit
542 3179 721 3242 praecedeuti
739 3179 827 3228 mensi
846 3178 937 3244 plures
957 3179 1029 3239 (fies,
1049 3184 1096 3228 ant
1114 3193 1175 3227 eum
1192 3177 1310 3227 celerius

136 3298 140 3305 ,
170 3247 310 3309 pauciores
328 3246 472 3296 darentur:
507 3249 534 3294 at
557 3246 672 3311 singulis
696 3247 847 3311 (paribusque
871 3247 1009 3295 mensibus
1027 3252 1188 3310 perpetuam
1205 3244 1310 3295 numeri

170 3314 253 3379 legem
271 3314 374 3379 primns
392 3328 473 3362 castis
491 3313 603 3363 addixit.
628 3315 668 3363 sie
687 3315 790 3364 iactum
808 3320 850 3363 cst
868 3320 899 3363 ut
916 3313 964 3363 alii
981 3315 1096 3378 triginta
1115 3320 1143 3362 at
1160 3327 1242 3363 unum
1261 3312 1311 3362 alii

169 3380 352 3447 undetriginta
369 3380 531 3431 sortirentur
547 3382 614 3431 dics.
640 3381 664 3431 7.
683 3384 808 3433 onmibns
831 3389 924 3431 tamen
942 3382 1081 3431 mensibus
1099 3396 1132 3430 ex
1151 3381 1194 3429 die
1218 3382 1308 3431 Nana-

170 3464 221 3499 mm
232 3448 299 3500 Idne
310 3465 383 3499 uerno
395 3449 441 3498 die
454 3450 658 3513 repraesentari
671 3450 786 3515 placuit:
807 3456 834 3500 et
843 3450 916 3499 inter
927 3451 990 3499 ldus
1003 3466 1035 3499 ac
1048 3453 1195 3512 sequentes
1207 3448 1309 3499 Kalen·

170 3516 213 3565 dae
230 3518 409 3567 constitutum
427 3522 471 3565 est
487 3517 606 3566 sedecim
624 3517 683 3567 dics
700 3534 760 3568 esee
778 3518 970 3568 ruunt-rander.
1000 3518 1062 3567 idco
1080 3517 1182 3567 mensis
1200 3517 1311 3566 uberior

169 3583 230 3633 duas
247 3585 312 3635 illos
330 3585 428 3649 rptilms
447 3584 600 3647 stipabatur
616 3584 675 3634 dies
692 3587 763 3635 inter
781 3586 921 3636 Kalendas
940 3601 1004 3635 siras
1027 3590 1055 3636 et
1067 3586 1160 3634 Nonas
1177 3584 1308 3634 babebat.

170 3649 225 3703 ltine
238 3652 303 3703 aliis
317 3654 426 3716 quintus
440 3669 456 3700 a
469 3651 601 3702 Kalendis
614 3652 672 3702 dics
686 3654 748 3703 aliis
761 3656 892 3720 septimus
904 3655 997 3704 Nonas
1011 3652 1087 3703 ficit.
1112 3652 1136 3701 8.
1151 3652 1256 3701 Caesar
1268 3658 1309 3702 ta·

171 3735 226 3771 men
242 3728 273 3770 ut
290 3736 373 3785 surpra
386 3720 503 3769 diximus
521 3725 595 3769 strata
613 3737 694 3770 sacra
712 3723 868 3772 custodiens
889 3737 941 3770 nec
954 3723 982 3770 in
995 3720 1049 3771 illia
1061 3720 1200 3770 mensibus
1213 3720 1311 3783 quibua

171 3786 242 3837 binas
254 3789 357 3838 adiecit
366 3788 429 3837 dics
437 3788 558 3836 ordinem
569 3788 654 3837 uoluit
664 3795 768 3839 rirrrtare
776 3791 923 3852 Nonarum,
937 3790 1001 3856 qnia
1011 3789 1130 3854 peractis
1141 3788 1223 3836 tatius
1235 3803 1309 3837 men·

171 3855 291 3907 sirianis
304 3856 363 3906 dies
377 3871 441 3905 sitire
454 3856 494 3903 rei
506 3855 616 3905 diuinae
630 3864 726 3905 ιιιιιιιιι
739 3858 861 3907 inseruit.
879 3856 904 3906 il.
920 3859 1017 3923 priscis
1030 3873 1096 3921 erga
1109 3855 1218 3916 diebus,
1232 3862 1308 3905 aute·

171 3938 244 3987 quarn
257 3925 324 3975 iasti
338 3940 355 3974 a
365 3924 415 3972 Cu.
429 3924 526 3972 l'lauio
538 3923 630 3973 scriba
642 3925 735 3973 inuitis
747 3925 876 3974 Patribus
888 3925 916 3974 in
934 3926 1052 3975 amnium
1070 3923 1196 3974 notitiam
1213 3922 1309 3986 prode-

170 3994 270 4055 renturi,
287 3991 413 4058 pantllici
430 3992 527 4040 minori
543 3991 615 4040 baec
628 3993 769 4056 prouincia
788 3993 983 4057 delegabatur,
1002 3999 1031 4043 ut
1047 4007 1136 4042 rsonae
1154 3992 1236 4038 lunae
1255 3991 1309 4052 pri-

170 4075 233 4110 num
245 4061 410 4111 obseruarat
423 4065 562 4122 aspectum
580 4059 720 4124 rimamque
738 4062 797 4121 rcpi
814 4060 970 4111 sacrificulo
987 4062 1135 4111 nuntiaret.
1162 4058 1201 4107 lll.
1216 4057 1308 4121 itaque

169 4122 299 4179 sacrificia
317 4144 334 4178 a
346 4142 412 4189 rege
427 4133 455 4176 et
467 4127 570 4176 minore
584 4128 711 4192 pontifice
726 4127 866 4176 celebrata
884 4128 956 4177 idem
978 4130 1102 4194 pontifex
1120 4127 1213 4177 certata
1225 4124 1253 4173 id
1267 4131 1309 4175 est

168 4204 262 4247 necata
279 4198 309 4246 in
321 4194 489 4260 Capitolium
506 4194 587 4259 plebe
606 4196 683 4244 imm
707 4196 811 4243 ‹irrriam
830 4193 988 4257 Calabram,
1009 4212 1078 4259 quae
1099 4211 1182 4245 casae
1201 4192 1309 4242 llarnnli

168 4266 284 4327 proxima
297 4270 349 4327 est,
368 4268 435 4327 qum
453 4277 565 4312 ntrnrero
584 4263 643 4312 dies
662 4279 678 4311 a
691 4262 824 4312 Kalendis
842 4261 877 4311 ad
888 4263 982 4312 Nonas
999 4268 1175 4327 superessent
1190 4274 1307 4325 pronun·

168 4332 264 4382 tiabat:
285 4340 314 4382 ct
331 4333 480 4397 quintanae
498 4332 605 4394 quidem
619 4330 691 4380 dieto
714 4329 857 4395 quinquies
874 4330 960 4379 uerbo
982 4329 1073 4392 καλῶ,
1085 4330 1253 4395 septimanas
1266 4345 1307 4377 rc·

146 4401 246 4467 ¹petita
263 4402 371 4468 reptiee
387 4397 579 4464 praedicabat,
606 4396 645 4446 ll.
664 4400 776 4449 uerbum
795 4402 887 4448 autem
903 4396 981 4448 auid
999 4401 1135 4449 Graecum
1152 4402 1206 4460 est,
1225 4397 1308 4451 idest
