2964 5002
172 349 234 410 526
587 366 620 407 ru
634 365 732 407 vireu
746 363 894 406 sennenn

168 519 242 598 quid
258 517 315 578 sibi
335 517 421 590 velit,
442 519 549 594 ignoro
564 518 651 576 iuxta
666 537 733 575 cum
748 515 966 594 ignarissumis.
1003 510 1069 573 Nec
1086 512 1248 590 Scaligere
1264 515 1305 570 di-

168 638 233 678 cens
248 618 409 679 tolerabile
426 621 540 693 visum,
563 621 665 699 utqui
687 625 778 678 omnic
799 622 891 677 derleia
909 635 1044 692 promens
1063 617 1157 675 tacite
1175 608 1308 676 ediderit

168 723 198 780 in
215 721 381 782 Catalectis
401 743 432 801 p.
453 730 503 784 221
527 720 575 781 ed.
591 720 757 782 Lindenbr.
777 742 803 780 a.
823 730 898 784 1617.
937 718 1028 797 Quod
1050 739 1117 777 cum
1134 738 1153 777 a
1167 719 1306 778 similitu·

119 853 121 856 >
169 823 239 883 dine
255 824 424 884 litterarum
439 844 546 904 parum
562 823 832 883 commendationis
848 821 977 893 lrabeat,
993 819 1064 879 vide
1080 841 1152 879 num
1168 841 1184 881 e
1200 819 1317 879 dulcia—⁴

168 929 261 985 dicens
275 925 386 985 litteris
400 927 512 986 rectius
522 926 675 986 effecerim
691 923 873 983 deicidiscenr
883 924 913 983 h.
926 944 953 983 e.
965 926 1058 981 dalem
1069 928 1196 982 merens,
1227 922 1308 981 Nam

168 1028 250 1109 quod
266 1046 341 1087 come
356 1027 464 1088 Cicero
481 1028 570 1103 dicit,
595 1048 662 1087 curn
678 1027 740 1088 suis
756 1029 809 1108 qui
824 1027 904 1086 infra
919 1025 1011 1105 positi
1028 1033 1099 1084 aunt
1113 1023 1254 1085 versibus
1270 1025 1305 1085 0.

169 1130 357 1190 Caesarisne
373 1132 604 1210 interpretetur,
619 1131 730 1191 lenitas
746 1138 847 1189 autem
862 1129 953 1187 ctiam
969 1127 1056 1187 arida
1070 1148 1140 1187 esse
1156 1136 1188 1187 et
1206 1127 1308 1187 ieiuna

167 1233 278 1311 possit,
294 1234 358 1292 iure
378 1254 433 1292 suo
451 1231 558 1293 Cicero
578 1232 733 1300 videbitur
748 1233 829 1292 omni
843 1232 994 1291 suavitate
1011 1231 1131 1289 mistam
1146 1230 1306 1290 lenitatem

167 1335 199 1392 in
220 1344 313 1412 poeta
332 1335 527 1415 praedicare,
552 1345 587 1395 nt
605 1337 657 1415 qui
682 1336 761 1395 intra
783 1324 916 1393 lenitatis
939 1332 1062 1413 quidem
1081 1331 1133 1391 vel
1154 1332 1307 1391 comitatis

167 1436 243 1495 fines
261 1435 310 1515 (eo
328 1438 407 1497 enirn
424 1447 544 1518 spectat
558 1437 641 1518 qrrod
654 1438 812 1517 praemisit
827 1435 990 1496 Suetonius
1007 1437 1114 1493 ‘Cicero
1128 1436 1307 1492 hactenus

167 1539 292 1616 laudct')
315 1540 391 1600 nihil
413 1538 582 1600 dulcedinis
599 1540 747 1612 omiserit,
768 1538 828 1598 vim
845 1547 946 1598 autern
961 1546 993 1596 et
1006 1536 1210 1614 gravitatem,
1227 1557 1307 1618 quae

168 1644 308 1721 opposita
323 1652 370 1701 est
385 1642 520 1715 lenitati,
537 1642 717 1702 destituerit.

250 1743 325 1821 Peg.
342 1744 392 1817 ³4,
409 1746 430 1804 8
448 1744 487 1804 de
501 1744 661 1823 praeclara
677 1742 902 1817 emendatione,
918 1761 980 1821 qua
994 1743 1026 1801 in
1036 1739 1224 1802 Caesaris
1240 1762 1305 1801 car-

167 1845 247 1903 mine
263 1865 282 1904 e
298 1846 445 1925 Stephani
463 1848 560 1906 amico
577 1856 605 1904 te
619 1851 648 1904 in
662 1849 806 1903 summi‘co
829 1845 972 1903 effectum
992 1852 1038 1904 est
1056 1845 1222 1904 cParisini
1245 1826 1305 1904 ma·

167 1947 262 2005 moria
276 1957 305 2003 tu
319 1951 348 2004 in
362 1953 520 2017 summisso,
535 1968 596 2007 non
611 1956 658 2007 eat
673 1945 756 2028 quod
772 1945 891 2005 dicatur
904 1945 1052 2025 pluribus.

250 2049 351 2108 Versu
367 2049 406 2110 10
427 2049 510 2129 quod
529 2053 622 2109 uerbis
637 2049 778 2125 Scaliger
795 2048 960 2127 expetebat
979 2069 1033 2128 pro
1051 2053 1181 2123 scriptis,
1201 2049 1305 2127 opina·

166 2159 216 2208 tae
236 2150 408 2227 elegantiae
430 2152 535 2211 fallaci
552 2152 657 2231 specie
678 2151 824 2230 deceptus
845 2159 900 2211 est.
941 2149 1024 2210 Setia
1042 2159 1116 2211 nota
1135 2158 1208 2210 sunt
1222 2149 1305 2231 apud

165 2252 326 2312 Horatium
341 2258 430 2314 Lucili
446 2259 553 2331 scripte
567 2254 663 2314 Serru-
681 2266 703 2324 1,
721 2265 762 2326 10,
774 2262 819 2327 56,
834 2257 931 2328 spissis
945 2256 1057 2329 induem
1071 2255 1187 2312 theatris
1200 2258 1306 2328 scripta

166 2355 264 2434 Epist.
280 2367 304 2428 1,
322 2363 363 2430 19,
379 2365 423 2430 ll,
440 2359 611 2415 Graecorum
628 2360 818 2431 endqumime
831 2360 938 2430 scripto
953 2366 996 2429 11,
1013 2366 1042 2427 l,
1058 2363 1107 2426 21,
1122 2373 1185 2414 mee
1199 2360 1306 2429 scripta

167 2457 262 2519 Serm.
279 2471 307 2536 1,
324 2468 357 2532 4,
373 2468 422 2523 23:
446 2468 479 2518 ut
499 2459 530 2517 in
544 2468 655 2538 poetae
677 2457 856 2518 testimoniis
879 2477 928 2516 me
950 2458 1121 2516 contineam
1143 2456 1182 2516 ed
1197 2466 1306 2537 poetes

167 2561 385 2639 spectantibus.
425 2563 475 2620 Dc
496 2562 562 2640 ipso
584 2571 684 2620 autern
699 2560 845 2620 Terentio
866 2580 926 2617 non
946 2559 1108 2619 Suetonius
1123 2567 1241 2618 tantum
1256 2579 1305 2618 su·

167 2683 222 2740 pra
237 2685 267 2741 p.
285 2672 335 2734 30,
353 2673 370 2725 3
393 2666 463 2721 ‘non
478 2662 609 2720 obscura
624 2664 706 2722 fame
726 2672 774 2721 est
789 2660 924 2720 adiutum
943 2667 971 2718 in
987 2667 1099 2736 scriptis
1114 2681 1133 2719 a
1148 2662 1258 2721 lraelio
1275 2670 1305 2720 et

167 2762 309 2841 Scipione
319 2765 335 2836 ’,
358 2766 429 2822 item
451 2786 481 2842 p.
496 2773 577 2837 32st
602 2769 710 2823 ‘mores
734 2784 810 2844 quos
831 2785 892 2822 non
913 2763 1040 2841 perinde
1065 2765 1252 2841 exprimeret
1275 2765 1304 2822 in

165 2868 294 2939 scriptis’,
311 2865 602 2942 sed'Quinctilianus
620 2886 740 2947 quoqne
758 2880 788 2939 x,
806 2877 830 2938 l,
848 2876 881 2928 99
896 2866 978 2924 ‘licet
991 2867 1130 2924 Terentii
1144 2872 1250 2941 scripte
1266 2866 1304 2925 ad

166 2966 339 3044 Scipionem
355 2968 534 3026 Africanum
558 2969 748 3027 referantur’.
784 2967 976 3047 Quemquam
999 2968 1071 3026 alibi
1094 2968 1207 3026 accidit
1228 2977 1303 3026 sarie

166 3077 199 3125 ut
217 3069 246 3125 in
267 3074 371 3144 scripta
392 3079 583 3129 verterentur
604 3091 682 3149 qrrne
704 3078 795 3149 poeta
816 3075 901 3127 uerba
924 3070 1068 3143 dixisset,
1092 3081 1124 3128 ut
1147 3072 1178 3128 in
1199 3071 1303 3129 Ovidii

167 3171 254 3247 epist.
273 3190 310 3228 cx
328 3174 425 3230 Ponto
443 3184 469 3244 1,
485 3185 516 3245 5,
534 3183 559 3233 2.
574 3208 616 3216 —
641 3174 677 3230 ln
695 3174 777 3231 exitu
792 3192 899 3230 versus
916 3172 1051 3231 notabile
1071 3182 1117 3231 est
1135 3194 1240 3231 veram
1260 3175 1303 3231 iu-

165 3273 405 3350 terpunctienem
426 3296 445 3332 a
458 3275 597 3334 Bentleio
614 3274 785 3354 Wolfioqee
808 3277 976 3333 restitutam
997 3284 1133 3334 veterem
1151 3275 1229 3333 adeo
1246 3275 1303 3333 Pa·

165 3375 290 3435 ricinum
304 3396 455 3438 servasse.

249 3479 348 3538 Versu
373 3480 409 3540 12
442 3498 529 3555 neque
553 3482 607 3536 lrec
636 3483 762 3553 despecte
787 3497 825 3536 ce·
851 3491 933 3554 porte
956 3485 1064 3537 ieceras
1089 3463 1170 3538 idern
1191 3480 1303 3539 Parisi-

165 3599 237 3639 nus:
265 3581 316 3640 ubi
331 3601 368 3640 cx
384 3604 402 3640 a
418 3582 546 3641 noviciis
567 3581 652 3640 libris
668 3582 823 3661 plerisque
841 3581 942 3653 abest,
964 3603 982 3641 a
998 3593 1102 3641 vetere
1118 3592 1221 3640 autern
1238 3603 1302 3641 cor-

166 3694 283 3742 rectore
299 3684 359 3757 ille,
377 3687 461 3743 cuius
480 3686 610 3762 vestigia
628 3685 724 3743 codex
735 3684 866 3743 Vrbinas
883 3694 995 3755 servat,
1012 3687 1056 3741 sic
1075 3694 1123 3743 est
1139 3694 1301 3743 nnrtatrnn:

165 3805 253 3861 neeric
268 3793 296 3844 in
314 3791 368 3845 dcc
386 3792 529 3863 despectus
539 3797 624 3862 perte
640 3792 755 3844 iaceres.
793 3789 833 3844 Et
847 3787 923 3845 illud
939 3786 1076 3866 quidem,
1094 3805 1183 3861 neque
1197 3793 1225 3845 in
1241 3790 1302 3855 kair,

165 3900 286 3966 practer
303 3893 459 3964 rationem,
475 3911 535 3970 qua
550 3908 618 3948 tecue
633 3893 687 3946 hec
704 3890 802 3966 potius
820 3889 1023 3947 commendari
1038 3889 1168 3947 lletlrius
1184 3890 1301 3949 intelle·

165 3993 223 4050 xit:
242 4013 358 4052 sumina
374 3989 474 4051 autern
486 4013 553 4051 curn
565 3992 719 4051 evidentia
732 3993 868 4050 veritatis
884 3995 1026 4065 ‹icspcctes
1041 4012 1095 4069 pro
1112 3995 1242 4066 despecte
1256 4011 1302 4061 cx,

168 4096 251 4152 euius
269 4096 436 4173 scripturae
456 4094 668 4153 defendendae
685 4095 735 4151 via
750 4094 835 4152 nulla
846 4104 939 4172 putet.
964 4092 1112 4170 Quamvis
1125 4096 1206 4155 errirn
1220 4094 1302 4153 facili

166 4200 401 4268 constructione,
416 4198 449 4260 ei
465 4196 553 4255 modo
570 4203 673 4255 iaceret
687 4197 850 4273 recipiatur
869 4217 906 4255 cx
922 4195 1055 4254 editione
1070 4198 1226 4275 principe,
1254 4218 1300 4255 eu·

165 4298 333 4375 perioribus
356 4300 432 4356 haec
453 4300 680 4371 continuentur:
714 4317 783 4356 neree
804 4300 859 4355 lice
879 4302 1005 4371 despecte
1027 4316 1065 4354 en·
1088 4308 1172 4371 porte
1192 4304 1302 4370 iaceret,

164 4408 266 4458 tamen
282 4402 350 4477 ipsa
364 4401 440 4458 ratio
455 4401 624 4463 sentcntiae
641 4401 750 4459 obstat.
786 4395 998 4478 Quippe'nilril
1016 4400 1192 4459 offensionis
1210 4411 1301 4472 essct,
