2964 5002
669 400 773 442 01011
798 403 821 442 0
1253 389 1314 450 435

166 560 303 622 roserat,
329 555 382 609 sed
397 553 447 608 nbi
462 551 622 624 infaustam
636 556 806 609 nocobnlnm
825 572 864 610 er
879 558 956 610 omni
969 570 1037 611 cere
1057 558 1104 612 uel
1117 573 1191 612 socco
1206 561 1315 629 placuit
1380 589 1384 593 -

165 657 266 723 0111111,
281 670 395 710 menses
410 670 522 726 quoqne
538 658 726 726 usurpatione
740 659 911 729 tyrannicae
927 660 1128 728 appellationis
1142 664 1314 716 0011110101.

255 754 319 814 Sed
331 755 424 814 etiarn
436 754 483 811 1111
495 753 641 813 adhibitis
651 755 870 833 supplementis
882 776 973 815 unam
985 766 1100 814 tantum
1114 759 1314 834 [1011001800-

166 857 287 915 toniani
301 855 374 915 libri
388 856 607 914 reconcinnare
624 856 712 927 licet,
729 856 871 928 alterius,
888 877 950 936 qua
966 877 1004 915 ex
1026 857 1163 918 instituto
1185 860 1254 918 libri
1276 859 1315 918 de

168 951 260 1016 feriis
271 958 478 1016 Romanorum
494 956 709 1035 disputandum
721 965 786 1015 erat
801 958 1048 1038 disputatumque
1064 961 1135 1034 fnit,
1150 960 1235 1020 nulla
1250 962 1315 1019 fere

167 1059 322 1138 particula
336 1056 460 1118 residua
479 1066 536 1117 est.
562 1078 653 1137 quam
676 1078 729 1115 cur
751 1061 897 1137 presserit
919 1060 1055 1119 Isidorus
1080 1063 1109 1121 iu
1133 1071 1238 1142 aperto
1258 1070 1314 1135 0111,

167 1181 237 1220 cum
258 1159 433 1220 Christiano
465 1161 605 1237 scriptori
628 1179 731 1217 earum
753 1163 898 1219 memoria
920 1163 1041 1220 omnino
1070 1163 1223 1225 abolenda
1249 1164 1316 1222 visa

167 1264 221 1325 sit:
252 1281 356 1343 neque
383 1260 549 1336 confugere
570 1260 654 1318 volui
674 1261 713 1320 ad
731 1263 856 1321 loannis
881 1265 1027 1323 Laurenti
1046 1263 1127 1344 Lydi
1151 1264 1188 1323 de
1205 1263 1314 1323 mensi·

166 1365 223 1424 bus
239 1364 429 1441 farraginem
445 1361 525 1420 unde
544 1361 748 1421 Suetoniouas
772 1365 836 1422 eius
857 1368 978 1441 generis
996 1367 1142 1446 reliquias
1167 1385 1314 1425 eruerem.

168 1448 242 1525 satis
258 1464 360 1524 habeo
377 1462 541 1522 adnotasse
555 1465 744 1523 Macrobium
761 1465 799 1524 de
811 1465 1015 1524 saturnalibus
1027 1466 1230 1546 disputantem
1247 1488 1315 1526 cum

167 1565 368 1627 Fenestellae
385 1565 400 1622 l
421 1575 467 1636 10,
487 1573 550 1626 501
568 1566 683 1624 Masuri
700 1566 806 1625 Sabini
827 1568 889 1639 11,
906 1577 931 1629 6.
953 1579 992 1628 lb.
1011 1580 1058 1640 10,
1079 1583 1094 1631 5
1116 1569 1315 1628 auctoritates

168 1667 318 1726 adhibeat
344 1664 524 1744 Suetoniani
554 1665 623 1724 libri
650 1687 737 1725 nsum
769 1668 908 1746 predere.
956 1669 1064 1747 quibus
1093 1669 1214 1728 indiciis
1243 1669 1315 1729 addi

168 1777 273 1849 potest
293 1767 392 1827 Iulius
415 1764 572 1825 Modestus
587 1768 704 1846 Hygini
726 1777 860 1827 sectator
882 1769 920 1829 de
941 1772 1026 1829 feriis
1043 1793 1061 1830 a
1077 1771 1233 1830 blncrobio
1250 1772 1271 1832 1.
1290 1791 1313 1830 c.

167 1869 403 1945 1,81001]01110.

253 1974 328 2032 Duo
352 1968 479 2041 addam,
505 1971 633 2049 primum
657 1991 693 2029 eo
715 1971 797 2051 quod
818 1973 1020 2048 Augustinum
1043 1982 1148 2033 contra
1168 1975 1315 2034 Faustum

168 2073 283 2133 XVIII
297 2084 315 2134 5
328 2070 368 2130 ab
383 2067 503 2129 Isidoro
519 2089 545 2130 c.
562 2081 579 2131 1
596 2070 737 2131 adhiberi
750 2073 889 2131 videmus
908 2073 947 2131 ad
963 2076 1110 2133 mensium
1125 2078 1249 2135 nomina
1264 2095 1314 2136 ex·

169 2173 315 2254 plicands
328 2191 456 2231 noanon
473 2171 604 2249 inpediri
620 2175 779 2252 quominus
798 2175 853 2231 has
868 2172 1016 2230 mensium
1037 2178 1210 2236 notationes
1224 2178 1256 2236 in
1270 2195 1316 2236 re·

169 2276 333 2356 liquiarnm
347 2274 561 2334 Suetouiarnm
578 2295 687 2352 corpus
703 2275 893 2353 recipiamus.
922 2290 993 2330 nam
1008 2276 1105 2351 ipsum
1118 2278 1315 2354 conposuisse

170 2378 378 2455 Augustinum
395 2394 463 2434 cum
480 2374 627 2433 Suetonio
649 2396 750 2454 neque
770 2376 892 2433 diversa
917 2394 969 2432 eos
989 2373 1151 2433 tradidisse
1168 2379 1235 2453 ipse
1259 2379 1315 2436 Isi·

172 2477 261 2538 dorus
281 2477 399 2537 indicat
419 2473 502 2554 quod
516 2476 580 2533 Mai
598 2485 629 2533 ct
643 2479 711 2536 luni
732 2478 885 2535 nominum
913 2476 1109 2555 explicationi
1125 2477 1315 2551 Augustinae

172 2579 299 2639 alteram
320 2597 424 2637 eorum
441 2576 722 2659 interpretationem
739 2599 830 2658 quam
845 2578 1032 2654 Augustinus
1052 2597 1112 2634 non
1135 2596 1314 2636 commemo-

171 2688 294 2738 raverat
310 2678 413 2738 adicit.
450 2678 489 2735 cf.
506 2678 612 2753 fragm.
633 2677 707 2739 118*
723 2699 751 2756 p.
770 2688 834 2751 161,
856 2690 948 2758 tsqq.
973 2678 1083 2736 doimlo
1098 2678 1161 2736 eius
1180 2678 1314 2757 disputa-

171 2760 285 2840 tionem
305 2780 390 2839 auxit
411 2777 463 2837 ubi
488 2779 526 2837 de
551 2778 724 2858 Septembri
747 2788 778 2835 ct
799 2779 946 2838 similibus
975 2782 1121 2838 anensium
1145 2778 1316 2838 nominibus

173 2883 287 2957 agitur,
307 2901 384 2960 quos
398 2881 588 2957 Augustinus
604 2882 624 2939 l.
646 2900 671 2938 c.
689 2900 882 2944 nuurcrorum
896 2901 934 2940 ex
947 2880 1053 2939 0111100
1064 2882 1253 2958 pronuntiari
1270 2880 1316 2940 di·

174 2985 223 3041 cit.
253 2983 293 3042 cf.
308 3002 339 3061 p.
361 2990 423 3052 161,
443 2991 534 3060 tlsqq.
569 3001 658 3059 porro
679 2981 885 3040 memorabilis
907 2991 954 3040 est
975 3001 1142 3041 cousensus
1159 2983 1268 3041 Isidori
1287 2991 1318 3042 et

151 3083 348 3144 'Cassiodori
363 3104 427 3143 var.
445 3084 507 3146 les
524 3083 554 3140 in
567 3083 768 3158 originatione
784 3084 931 3142 mensium
947 3085 977 3142 in
993 3087 1089 3141 ember
1106 3083 1317 3159 desinentium,

173 3206 249 3268 quos
267 3193 397 3265 uterque
413 3205 451 3244 ex
466 3204 591 3242 nurnero
608 3183 745 3242 imbrium
766 3184 917 3244 vocabula
939 3187 1097 3263 accepisse
1117 3194 1219 3262 putat,
1250 3205 1318 3245 cum

173 3289 218 3347 sic
237 3287 401 3348 dicendum
424 3296 524 3359 esset,
550 3285 671 3344 nomina
693 3306 744 3344 eos
766 3286 881 3346 habore
897 3309 916 3346 a
933 3307 1057 3346 numero
1073 3294 1104 3342 et
1124 3286 1164 3349 ab
1180 3286 1317 3345 imbrium

173 3389 375 3449 multitudine.
406 3386 462 3446 sed
483 3394 514 3445 et
535 3385 585 3442 bic
608 3389 704 3446 100101
721 3389 832 3448 Isidori
857 3388 1055 3466 neglegentia
1080 3389 1153 3460 fuit,
1177 3389 1228 3466 qui
1250 3409 1317 3449 com

174 3491 220 3550 bis
249 3489 446 3570 etymologiis
474 3489 594 3546 tertiam
627 3490 671 3547 sic
705 3491 855 3549 confudit:
897 3496 954 3548 tom
981 3493 1147 3562 September
1178 3507 1211 3546 eo
1243 3494 1321 3564 quod

174 3599 309 3667 septimas
330 3597 367 3649 sit
389 3611 406 3647 0
429 3592 597 3662 Mortioqni
616 3601 659 3648 est
677 3597 853 3666 principium
870 3599 958 3652 neris.
983 3597 1074 3650 simili
1091 3608 1202 3664 ortoque
1219 3595 1319 3648 ordine

175 3705 201 3753 01
216 3697 336 3753 October
351 3702 379 3750 et
394 3695 553 3750 Nooember
570 3703 597 3750 et
612 3695 768 3752 December
791 3712 965 3753 001111111ον0
986 3696 1117 3750 imbrium
1134 3702 1219 3765 utque
1241 3695 1320 3749 iteris

174 3803 348 3870 occeperunt
364 3798 514 3853 1100011110.

258 3896 430 3973 Cognatum
440 3893 597 3954 huielibro
608 3906 818 3972 argumentum
826 3897 920 3954 fuisse
928 3895 1048 3953 videtur
1060 3894 1129 3954 libri
1143 3895 1252 3975 quarti,
1269 3893 1320 3973 qui

176 3998 286 4080 duplici
302 3997 453 4058 Prisciani
469 3996 641 4055 testimonio
657 3996 760 4054 nititur
778 3996 823 4054 bis
844 3995 923 4053 idem
941 4000 1143 4074 fragmentum
1160 3995 1237 4072 (111)
1250 3994 1318 4053 libri

175 4101 274 4180 quarti
288 4097 467 4157 adferentis.
487 4118 546 4178 quo
559 4118 626 4156 cum
639 4098 677 4156 110
690 4098 760 4173 loge
769 4097 926 4156 Plaetoria
937 4116 1035 4155 sermo
1048 4100 1102 4172 sit,
1116 4097 1193 4156 libro
1210 4104 1319 4175 quarto

175 4200 378 4282 Tranquillus
391 4199 429 4258 de
442 4199 562 4276 legibus
576 4201 676 4275 egisse
688 4199 819 4271 videtur,
831 4198 912 4277 quod
926 4197 1032 4257 eodem
1043 4200 1107 4258 iure
1122 4219 1158 4257 ex
1171 4196 1223 4255 illo
1236 4197 1318 4271 frag-

143 4368 150 4378 ,
176 4311 276 4361 mento
288 4298 473 4360 concludere
485 4301 593 4358 videor
608 4320 667 4379 quo
677 4298 834 4356 Beckorus
845 4319 875 4376 p.
891 4300 961 4371 XV,
975 4299 1056 4377 qnod
1073 4299 1189 4358 cantius
1202 4295 1259 4354 sibi
1275 4296 1319 4352 vi·

176 4401 295 4477 dentur,
307 4400 347 4461 de
360 4401 602 4462 adolescentium
614 4399 793 4459 condicione
801 4418 869 4457 eum
879 4397 1059 4459 disseruisse
1066 4399 1213 4482 opinatur.
1227 4404 1320 4474 atque

1050 4497 1117 4558 ‘IS'
