2964 5002
163 352 225 417 466
503 366 725 434 orsusrrouss
744 365 966 409 svnroursuss

166 521 382 581 conformatum
399 517 474 578 illud
490 537 558 578 esse
573 518 686 592 voluit3
700 519 769 596 ipse
790 514 914 598 quidem
929 516 1002 576 Aeli
1019 516 1148 577 Stilonis
1170 526 1204 578 et
1218 509 1311 577 Asini
1330 493 1336 513 ¹

164 623 351 683 sententiam
363 620 450 700 sequi
464 619 580 681 maluit.
615 620 653 678 cf.
670 619 774 701 adnot.
792 640 858 698 sup.

248 725 338 804 Hunc
362 743 434 784 vero
455 722 564 782 librum
584 721 752 799 Regcntius
773 742 802 802 p:
823 731 859 785 23
879 737 1040 800 perperam
1057 721 1135 780 inter
1151 722 1311 799 isagogica

163 825 219 886 ills
234 827 356 904 scripta,
370 824 528 903 dequibus
541 823 781 884 cf.Merclrlinus
799 822 951 882 inPhilol.
967 821 1034 882 lIIl
1049 841 1076 901 p.
1092 833 1232 903 413sqq.,
1247 831 1309 882 ret·

164 928 241 988 tulit
272 947 341 987 nom
363 910 484 987 differre
500 926 582 984 hunc
603 924 713 984 librum
727 925 766 983 sb
787 925 849 985 illis
865 925 925 984 ism
949 926 1015 1003 ipso
1030 925 1120 984 titulo
1140 924 1309 985 indicatur:

165 1031 278 1110 quippe
298 1048 365 1088 cnm
382 1027 427 1089 illi
442 1026 513 1086 libri
533 1030 568 1085 de
589 1029 682 1102 officio
700 1025 787 1086 verbi
802 1047 896 1088 causa
920 1030 1039 1087 consulis
1057 1027 1309 1103 inscriberentur,

165 1131 329 1193 Suetonius
344 1131 429 1209 operi
444 1148 497 1189 sno
513 1127 647 1187 indicem
661 1131 695 1186 de
709 1133 870 1193 institutione
880 1130 1038 1204 officiorum
1054 1112 1207 1207 praefixii.

249 1234 299 1292 Ex
313 1232 372 1298 hoc
387 1230 464 1290 libro
480 1231 610 1290 fortusse
626 1230 772 1288 nonnullo
789 1229 872 1311 apud
887 1229 1008 1309 Lydum
1023 1231 1061 1290 de
1079 1231 1309 1309 magistratibus

165 1333 288 1399 residua
306 1343 386 1395 sunt.
423 1332 476 1393 sed
497 1342 599 1392 tamen
627 1350 733 1392 eruere
756 1352 793 1392 es
812 1351 874 1394 non
891 1334 987 1392 susim
1004 1334 1104 1413 utqui
1123 1334 1199 1393 satis
1215 1336 1310 1394 sciam

166 1440 197 1499 in
213 1446 359 1520 qnantum
372 1435 565 1515 Byzantinus
575 1433 630 1493 ille
644 1434 789 1514 antiquos
802 1433 982 1494 eruditionis
992 1435 1139 1514 reliquias
1151 1437 1216 1496 suis
1229 1456 1308 1496 com·

165 1541 275 1601 mentis
292 1539 458 1598 miscuerit.
486 1535 568 1596 idem
589 1544 690 1594 tamen
709 1535 816 1614 Lydus
837 1536 918 1595 solus
939 1536 1017 1597 alius
1039 1535 1112 1596 libri
1126 1537 1309 1612 Suetonisni

165 1643 339 1702 memoriam
350 1639 437 1699 nobis
450 1633 585 1698 servavit
600 1636 722 1715 (fragm.
736 1636 817 1715 toth
831 1638 960 1698 mollitia
976 1639 1057 1697 onim
1069 1638 1240 1717 Omphales
1257 1640 1309 1700 de·

166 1745 279 1822 scripta
299 1750 438 1802 auctores
463 1741 509 1799 rei
528 1740 666 1798 nominat
681 1739 845 1818 Apuleium
869 1741 1074 1800 Rornanorum
1093 1740 1309 1820 philosophum

167 1842 199 1904 ἐν
214 1844 257 1927 cpi
273 1838 498 1922 tmpoopopivp
514 1835 647 1922 ἐρωτικῷ
662 1849 693 1900 et
706 1841 916 1921 Tranquillum
932 1828 991 1920 πρὸ
1006 1827 1101 1900 urirori
1118 1838 1151 1901 ἐν
1166 1841 1209 1925 τῷ
1223 1839 1309 1920 περὶ

166 1938 360 2021 ἐπισήμων
374 1941 533 2018 πορνῶν.
558 1961 617 2020 quo
636 1941 674 2000 de
692 1942 869 2003 eruditionis
884 1943 951 2003 loco
971 1942 1106 2003 breviter
1117 1944 1309 2005 Merchlinus

166 2050 198 2108 in
209 2046 322 2106 Philol.
337 2045 370 2105 11
382 2064 412 2124 p.
429 2054 481 2108 303
497 2044 679 2124 disputavit3
700 2058 766 2117 erat
781 2055 880 2105 autern
895 2044 1023 2106 Graecis
1035 2047 1244 2124 grammaticis
1259 2066 1307 2107 ce·

166 2148 395 2209 lebrstissimns.
418 2147 457 2205 cl.
473 2145 628 2206 Athenaei
644 2146 721 2206 liber
735 2149 840 2208 tertius
858 2147 1004 2208 decimus.
1025 2146 1080 2208 sed
1094 2168 1258 2228 perperam
1272 2149 1307 2208 li·

167 2252 252 2310 brum
268 2249 396 2311 Suetoni
411 2247 596 2327 respondere
611 2250 733 2327 putavit
754 2246 890 2308 eiusdem
906 2251 990 2328 operi
1012 2250 1051 2309 do
1069 2249 1249 2310 inlustribus
1264 2251 1308 2310 vi·

165 2353 216 2412 ris.
228 2350 310 2432 quod
322 2350 603 2429 contraRegenthrs
610 2370 642 2428 p.
650 2357 682 2414 37
691 2350 818 2410 alterum
827 2349 936 2413 librum
948 2352 987 2410 ab
995 2351 1226 2431 alteroprorsns
1234 2353 1308 2412 alie-

166 2472 238 2514 num
250 2453 345 2514 fuisse
356 2453 422 2513 iure
435 2451 601 2513 contendit.
622 2452 653 2511 in
667 2452 890 2532 pornogrsphiu
902 2453 994 2531 igitur
1005 2473 1060 2512 sus
1069 2454 1238 2515 Suetonius
1250 2474 1311 2514 non

168 2555 207 2616 de
223 2555 425 2614 Romanorum
440 2555 536 2614 solum
555 2552 609 2613 sed
626 2562 657 2614 et
671 2552 860 2614 Graecorum
880 2556 1090 2615 meretricibus
1106 2556 1207 2633 egisse
1229 2556 1310 2634 irog-

167 2667 269 2717 mento
286 2657 340 2716 illo
356 2655 513 2715 docemur:
539 2676 599 2735 quo
614 2665 776 2733 praeterea
790 2644 947 2716 iudicatur
962 2677 1029 2717 eum
1043 2678 1110 2717 cum
1136 2655 1310 2736 Omphalen

167 2761 246 2818 inter
262 2757 360 2815 claras
375 2760 549 2817 meretrices
562 2759 690 2816 referret
706 2758 775 2817 inde
792 2778 810 2815 a
823 2759 1007 2838 temporibus
1022 2759 1167 2837 mythicis
1185 2780 1249 2820 rem
1263 2779 1309 2817 rc-

167 2861 323 2939 petivisse.

251 2962 352 3020 Huius
368 2961 437 3020 libri
455 2964 598 3022 memoria
611 2964 701 3021 etiam
717 2963 748 3020 iu
761 2964 978 3022 commentario
991 2961 1080 3022 Servi
1098 2965 1128 3022 in
1140 2964 1311 3043 Vergilium

169 3063 343 3143 dispicitur,
373 3064 468 3122 veluti
484 3065 562 3122 Aen.
580 3065 641 3122 VlI
660 3075 704 3127 19:
736 3067 815 3122 Circe
836 3075 925 3123 cutem
947 3069 1006 3124 iiico
1028 3069 1099 3123 Solis
1116 3070 1233 3141 firmitur
1251 3071 1309 3141 fitia

167 3170 232 3240 qrric
245 3171 398 3223 clarissimo
410 3172 545 3240 meretric
558 3167 613 3240 fuit
624 3177 649 3223 ct
661 3169 729 3223 nihil
741 3176 781 3223 cst
794 3171 851 3224 sole
871 3169 992 3225 elarius:
1012 3169 1082 3226 lsrrec
1097 3170 1206 3226 libidine
1220 3186 1273 3227 sua
1287 3177 1312 3225 et

168 3270 355 3325 hlnudimentis
369 3271 490 3325 homiues
502 3273 528 3325 in
542 3271 665 3341 [erilium
680 3273 763 3325 iritum
779 3271 813 3324 eh
827 3273 951 3326 liurnuno
966 3272 1117 3327 ‹ledirccbat
1130 3278 1160 3327 ui
1176 3274 1279 3327 libidini
1288 3277 1313 3326 et

168 3372 350 3443 uoluptatibus
357 3388 469 3442 operum
482 3373 590 3428 dorent.
612 3369 699 3428 vides
715 3370 809 3429 verbu
821 3369 899 3427 odeo
912 3369 1001 3429 Servi
1011 3375 1167 3429 clarissimo
1179 3377 1314 3429 meretrix

169 3472 332 3530 convenire
345 3472 534 3550 inscriptioni
543 3472 759 3532 Suetonianoe.
779 3470 914 3531 eiusdem
925 3472 994 3531 libri
1008 3493 1095 3532 usum
1107 3472 1210 3552 prodit
1222 3475 1313 3532 etiam

169 3571 225 3631 hoc
241 3573 330 3632 Servi
345 3573 482 3632 scholion
504 3574 582 3633 Aen.
600 3576 626 3633 V
643 3582 709 3637 864:
743 3576 855 3631 Sirenes
866 3578 1016 3632 secumdum
1030 3578 1147 3648 sisisclus
1162 3585 1218 3634 tres
1228 3585 1314 3649 prurit

169 3679 291 3749 circinus
302 3669 420 3748 frierrort
429 3685 514 3750 pirric
526 3680 662 3740 uoltu-rer.
677 3679 787 3734 Achaei
796 3680 918 3749 slirininis
934 3686 959 3734 ct
970 3679 1106 3750 Calliopes
1118 3695 1216 3735 suusne
1228 3682 1313 3750 filiae.

169 3779 269 3834 horum
285 3797 340 3834 rina
356 3796 423 3834 rioce
443 3782 531 3834 allero
547 3781 614 3835 tibiis
636 3782 691 3835 alio
714 3781 777 3852 lyra
792 3781 920 3836 currebat:
950 3787 975 3835 et
991 3784 1114 3852 primum
1138 3785 1219 3836 iusto
1235 3783 1314 3837 Pelo-

170 3901 246 3946 rum,
262 3899 327 3936 rhox
342 3884 369 3935 in
383 3881 497 3952 Capreis
512 3883 601 3936 riuulo
615 3882 823 3947 luchitoricrrmt,
837 3899 910 3954 quac
925 3884 1022 3937 illectos
1035 3899 1085 3940 suo
1101 3891 1187 3938 contu
1199 3887 1227 3938 in
1243 3902 1313 3940 nicri-

167 3983 264 4055 [rapio
280 3983 458 4037 deducebant.
487 3985 637 4039 scrinulum
654 3987 794 4039 territatum
810 3987 968 4041 meretrices
984 3965 1101 4055 frierrmt
1115 4001 1205 4056 errice,
1221 3993 1314 4041 trous·

170 4094 263 4142 erortcs
273 4088 400 4157 picenium
413 4086 583 4142 (terluccbent
591 4088 629 4142 od
639 4093 789 4160 epcstotem,
803 4088 846 4142 his
854 4088 935 4158 {ictuc
950 4094 1015 4141 sunt
1029 4089 1140 4159 inferre
1151 4088 1314 4161 riorrsropio.

170 4189 221 4243 luis
244 4189 340 4244 Vlixes
355 4190 548 4246 corrtrrnnsiulo
571 4191 684 4246 rteduxit
703 4189 881 4245 orl-irionem.
918 4187 1080 4266 inquibus
1107 4186 1216 4247 cadem
1238 4190 1314 4247 anti·

171 4295 277 4373 quariu
292 4293 369 4350 ratio
385 4293 569 4370 conspicitur
581 4313 671 4373 quam
690 4293 719 4351 in
738 4290 823 4349 libris
841 4290 878 4349 de
892 4290 1015 4367 regibus
1032 4292 1092 4348 iem
1112 4288 1302 4370 deprehendi

170 4415 244 4454 mus.
263 4406 296 4456 ut
309 4415 349 4454 cx
364 4396 422 4455 hoc
435 4396 512 4455 libro
530 4396 620 4454 etiam
636 4394 823 4474 probabilius
840 4414 931 4474 quam
954 4414 970 4452 e
987 4393 1124 4471 quodam
1144 4393 1225 4453 libro
1245 4413 1316 4472 geo·
