2964 5002
668 387 773 431 carvr
795 387 807 427 1
1247 366 1307 426 tlt

172 557 256 619 quarn
276 536 400 596 Fuldae
423 556 452 595 a.
472 545 525 599 865
547 537 744 597 Ruodolium·
763 536 893 597 eundem
919 535 1104 596 Germaniae
1124 536 1233 595 librum
1255 537 1308 596 ad·

171 639 317 712 libuisse,
348 635 388 696 ds
421 656 480 718 quo
507 639 670 698 monachus
698 639 752 697 ille
783 635 1014 697 Hersfcldeusis
1043 656 1070 696 a.
1098 646 1164 700 1425
1189 638 1308 716 Poggio

171 747 344 801 narraverat
359 758 512 819 quemque
523 749 630 819 postea
642 740 723 799 circa
738 759 765 798 a.
781 746 846 803 1457
861 738 990 798 Heuoeh
1005 737 1178 798 asculanus
1189 758 1309 799 rumore

169 839 216 900 illo
231 841 263 899 ni
274 839 369 899 fallor
384 837 493 899 ductus
509 841 539 898 in
550 839 716 900 Germania
731 841 875 920 repperit.
899 839 981 919 quod
1000 860 1066 899 cum
1084 840 1220 899 Ritterus
1238 859 1307 898 con-

168 939 281 1000 iectura
298 940 467 1000 adsecutus
483 952 580 1014 esset,
599 943 732 1021 corrupit
750 951 835 1000 reete
853 943 1009 1011 inventum
1032 949 1138 1020 aperte
1159 940 1241 1000 falsa
1255 940 1307 1001 ad·

169 1043 313 1117 nuceas,
335 1063 416 1122 quae
434 1043 557 1123 quidem
571 1044 706 1103 refutare
726 1059 784 1102 non
803 1052 849 1102 est
862 1043 951 1100 huius
965 1042 1035 1101 loci.

246 1143 376 1204 Invenit
398 1144 490 1222 igitur
521 1145 579 1204 nisi
608 1147 709 1204 omnia
741 1126 850 1203 falludt
869 1142 1043 1202 Asculauus
1067 1143 1097 1202 in
1119 1143 1308 1204 nobilissima

167 1242 316 1304 fuldensi
329 1228 517 1305 bibliotheca
532 1245 669 1305 codicem
687 1246 839 1304 minimum
858 1245 930 1303 noui
945 1245 1071 1319 saeculi,
1096 1264 1154 1324 quo
1170 1265 1219 1305 res
1236 1244 1308 1306 illae

166 1345 315 1427 parvulae
346 1345 467 1406 seilicet
492 1346 596 1406 Taciti
628 1344 792 1405 Germania
827 1355 859 1405 et
884 1344 1022 1423 dialogus
1055 1355 1086 1405 et
1111 1345 1238 1406 Suetoni
1269 1346 1308 1406 de

166 1447 375 1527 grammaticis
408 1455 440 1507 et
467 1447 639 1523 rhetoribus
666 1447 745 1508 liber
776 1445 1015 1506 continebantur.
1061 1447 1110 1506 cui
1137 1449 1308 1508 sententiae

166 1549 349 1637 adversatur
371 1549 561 1628 apertissime
580 1548 671 1608 Rothi
691 1547 848 1621 iudicium,
872 1568 932 1629 quo
947 1546 1180 1607 Henochianum
1198 1547 1308 1609 librum

166 1650 289 1711 saeculo
312 1649 430 1710 decimo
446 1649 535 1709 tertio
554 1650 756 1730 antiquiorem
772 1648 880 1708 haberi
895 1649 1001 1708 noluit.
1040 1648 1096 1708 sed
1112 1649 1203 1709 etiam
1216 1647 1307 1724 hunc,

166 1751 193 1811 id
212 1750 299 1834 quod
314 1752 411 1832 primo
424 1750 572 1829 adspectu
588 1751 767 1810 insanientis
784 1749 927 1811 videatur
945 1749 1120 1825 adfirmare,
1146 1752 1213 1811 veri
1234 1748 1309 1832 quid

167 1856 299 1915 sensisse
315 1872 494 1934 persuasum
508 1851 616 1911 habeo.
647 1852 739 1912 nolim
763 1851 887 1932 quidem
912 1851 950 1911 ad
974 1854 1184 1932 quaestionem
1201 1852 1239 1913 de
1256 1873 1307 1913 ae·

167 1962 228 2015 tate
252 1953 417 2035 archetypi
441 1952 619 2013 solvendam
650 1953 689 2012 ab
712 1953 825 2012 Rothio
849 1953 1095 2033 orthographiam
1118 1954 1308 2034 apographo·

166 2076 227 2116 rum
246 2056 417 2116 consultam
434 2075 517 2128 esse,
540 2075 607 2115 eum
625 2055 813 2114 notissimum
828 2056 882 2128 sit,
902 2054 997 2114 Italos
1013 2063 1076 2114 tum
1089 2058 1233 2137 temporis
1253 2077 1309 2137 pro

167 2158 292 2239 antiqua
308 2156 461 2217 scribendi
482 2156 601 2216 ratione
616 2159 767 2216 noviciam
782 2174 867 2215 suam
883 2154 1054 2229 induxisse,
1078 2166 1196 2217 atvero
1217 2178 1310 2239 super

166 2268 233 2319 snut
247 2258 366 2320 veteris
388 2259 557 2338 scripturae
577 2259 709 2336 vestigia
724 2257 863 2337 quamvis
881 2275 950 2315 rara
968 2257 998 2315 in
1015 2257 1170 2318 codicibus
1187 2261 1309 2322 nostris.

168 2370 270 2420 contra
287 2359 416 2420 alterum
432 2369 641 2438 argumentum
657 2359 749 2419 Rothi
765 2358 975 2435 gravissimum
992 2367 1052 2417 cst:
1079 2362 1244 2437 repetitum
1263 2370 1310 2421 est

167 2460 438 2543 soonpendiorum
458 2480 589 2541 genere,
616 2459 696 2540 quod
717 2461 748 2520 in
764 2461 944 2537 corruptelis
960 2459 1056 2517 veluti
1072 2479 1101 2540 p.
1121 2467 1185 2534 126,
1207 2472 1224 2522 4
1246 2473 1308 2520 tan-

167 2571 217 2623 tem
233 2565 315 2621 mode
336 2561 408 2623 ibid.
426 2574 458 2626 15
475 2567 651 2638 personalem
673 2582 701 2639 p.
720 2570 782 2634 126,
799 2571 816 2624 3
833 2579 951 2635 yapeum
973 2559 1219 2639 deprehenditur.
1259 2565 1308 2620 cui

167 2664 372 2726 observationi
390 2684 458 2723 cum
473 2664 548 2724 nihil
563 2667 602 2722 sit
617 2663 698 2743 quod
716 2664 780 2722 iure
796 2682 940 2741 opponas,
963 2665 1119 2744 quaeritur
1139 2682 1199 2741 quo
1217 2671 1308 2741 pacto

168 2767 340 2827 sententiae
356 2776 419 2825 tam
443 2775 550 2846 aperte
571 2776 743 2844 pugnantes
766 2765 972 2848 concilientur.
1012 2786 1083 2825 nam
1107 2764 1309 2825 concilientur

167 2887 291 2929 necesse
316 2876 378 2942 eat,
406 2888 473 2926 cum
498 2876 628 2946 utraque
650 2886 704 2944 per
727 2888 759 2926 se
782 2869 848 2946 ipsa
864 2887 1011 2927 summam
1031 2867 1145 2929 habeat
1166 2866 1309 2948 probabi·

168 2969 259 3030 litatis
281 2966 383 3028 fidem.
421 2989 523 3049 neque
542 2970 619 3028 ratio
640 2968 774 3028 difficilis
796 2970 924 3028 inventu
943 2979 1002 3042 est,
1026 2989 1086 3049 qua
1110 2991 1165 3030 sua
1187 2970 1308 3051 utrique

168 3072 329 3132 auotoritas
348 3079 487 3129 maneat:
507 3070 628 3130 scilicet
647 3071 767 3129 invenit
787 3069 910 3150 quidem
930 3071 1058 3131 Henoch
1075 3074 1106 3130 in
1122 3071 1309 3133 bibliotheca

168 3172 316 3234 Fnldeusi
332 3181 468 3232 veterem
483 3171 568 3231 illum
584 3171 709 3245 librum3
732 3171 787 3231 sed
807 3174 902 3231 nostri
926 3172 1048 3232 codices
1069 3193 1173 3233 omnes
1192 3195 1251 3233 non
1268 3193 1308 3234 ex

168 3294 201 3334 eo
214 3277 283 3354 ipso
303 3282 477 3346 manarunt,
500 3271 554 3332 sed
577 3294 616 3332 ex
637 3292 696 3332 uno
720 3273 890 3355 eodemque
911 3277 976 3335 eins
998 3275 1171 3354 apographo
1189 3275 1227 3334 ab
1243 3275 1308 3336 Hc·

167 3377 261 3437 rocho
274 3376 326 3436 vel
343 3375 408 3436 eius
425 3373 547 3454 aequali
563 3375 654 3435 sacto.
675 3385 709 3434 ut
725 3375 825 3435 codex
842 3376 966 3457 quidem
979 3377 1198 3450 Henochianus
1215 3397 1240 3435 a.
1257 3386 1308 3441 865

167 3497 224 3537 nou
237 3478 394 3537 recentior
410 3478 463 3551 sit,
481 3485 648 3536 nostrorum
663 3497 737 3537 vcro
754 3478 897 3538 librorum
919 3477 1106 3557 archetypus
1129 3498 1155 3535 a.
1176 3487 1240 3542 1457
1258 3479 1307 3539 vel

170 3588 231 3643 nae
244 3599 307 3638 uon
323 3580 364 3637 sit
380 3579 543 3658 antiquior.
575 3589 667 3658 atque
682 3600 746 3638 rem
768 3599 841 3638 vere
860 3581 903 3638 ita
919 3599 952 3638 se
970 3579 1100 3654 habere,
1123 3580 1185 3640 alia
1206 3582 1308 3642 obser·

167 3681 288 3740 ratione
307 3678 437 3758 probare
451 3679 543 3755 licet,
567 3701 627 3760 qna
650 3681 738 3739 simul
758 3680 970 3759 intellegatur,
992 3702 1045 3740 cur
1059 3691 1149 3742 vetus
1164 3683 1216 3743 ille
1234 3684 1308 3743 Ful-

168 3779 268 3841 densis
291 3780 370 3839 liber
392 3780 487 3840 semel
507 3790 623 3840 tanturn
646 3781 816 3860 descriptus
845 3784 894 3841 sit.
939 3803 1034 3863 saepe
1062 3784 1141 3843 enim
1170 3785 1201 3844 in
1221 3785 1309 3845 libris

167 3883 343 3956 roseriam,
366 3892 400 3941 ut
421 3881 499 3942 duae
525 3883 673 3942 lectiones
696 3884 794 3942 altera
814 3904 905 3962 super
925 3884 1053 3945 alteram
1079 3887 1210 3967 scriptae
1238 3887 1310 3945 sint.

166 4002 242 4064 quae
259 3982 401 4064 duplices
413 3985 579 4063 scripturae
601 3985 632 4044 iu
656 3985 793 4045 omnibus
810 3984 938 4045 caedem
959 3997 1042 4059 sunt,
1064 3987 1123 4046 nisi
1145 3986 1226 4066 quod
1248 4008 1309 4046 uon

165 4105 320 4168 nunqnam
334 4104 413 4144 uuus
429 4085 506 4145 liber
523 4096 700 4166 utramque,
723 4087 832 4146 relicui
848 4087 938 4147 modo
951 4088 1030 4148 hanc
1046 4087 1134 4149 modo
1150 4088 1234 4147 illam
1255 4108 1307 4146 ex·

165 4186 283 4255 hibent,
298 4195 333 4245 nt
348 4187 407 4246 iam
422 4187 453 4246 in
471 4207 573 4246 eorum
590 4187 757 4268 archetypo
775 4187 903 4247 eandem
919 4189 1129 4251 diversitatem
1142 4190 1238 4249 fuisse
1255 4187 1307 4247 ad-

164 4300 281 4367 pareat.
323 4308 450 4368 quarum
476 4289 514 4349 de
539 4291 655 4368 origine
679 4298 712 4347 ut
736 4289 858 4348 facilins
887 4290 1030 4353 iudicium
1061 4293 1129 4366 liat,
1163 4311 1216 4351 eas
1243 4289 1307 4350 fere

165 4410 269 4451 omnes
292 4389 343 4473 bic
371 4391 537 4470 conligam:
