<?xml version="1.0" encoding="UTF-8"?>
<!DOCTYPE html PUBLIC "-//W3C//DTD XHTML 1.0 Transitional//EN"
    "http://www.w3.org/TR/xhtml1/DTD/xhtml1-transitional.dtd">
<html xmlns="http://www.w3.org/1999/xhtml" xml:lang="en" lang="en">
 <head>
  <title>
</title>
<meta http-equiv="Content-Type" content="text/html;charset=utf-8" />
  <meta name='ocr-system' content='tesseract 3.04.00' />
  <meta name='ocr-capabilities' content='ocr_page ocr_carea ocr_par ocr_line ocrx_word'/>
</head>
<body>
  <div class='ocr_page' id='page_1' title='image "./csvetonitranqvi00ritsgoog_0321.png"; bbox 0 0 2964 5002; ppageno 0'>
   <div class='ocr_carea' id='block_1_1' title="bbox 165 366 799 426">
    <p class='ocr_par' dir='ltr' id='par_1_1' title="bbox 165 366 799 426">
     <span class='ocr_line' id='line_1_1' title="bbox 165 366 799 426; baseline -0.005 -9"><span class='ocrx_word' id='word_1_1' title='bbox 165 366 227 426; x_wconf 78' lang='lat'><strong>286</strong></span> <span class='ocrx_word' id='word_1_2' title='bbox 671 377 799 416; x_wconf 78' lang='lat' dir='ltr'><strong>rnsrvn</strong></span> 
     </span>
    </p>
   </div>
   <div class='ocr_carea' id='block_1_2' title="bbox 163 519 1342 1720">
    <p class='ocr_par' dir='ltr' id='par_1_2' title="bbox 165 519 1312 689">
     <span class='ocr_line' id='line_1_2' title="bbox 249 519 1312 607; baseline -0.002 -21"><span class='ocrx_word' id='word_1_3' title='bbox 249 538 436 586; x_wconf 69' lang='lat' dir='ltr'><strong>Ponticum</strong></span> <span class='ocrx_word' id='word_1_4' title='bbox 465 531 498 585; x_wconf 89' lang='lat' dir='ltr'><strong>et</strong></span> <span class='ocrx_word' id='word_1_5' title='bbox 524 527 762 603; x_wconf 77' lang='lat' dir='ltr'><strong>Paourrrurta]</strong></span> <span class='ocrx_word' id='word_1_6' title='bbox 784 523 1001 607; x_wconf 78' lang='lat' dir='ltr'><strong>promittimus</strong></span> <span class='ocrx_word' id='word_1_7' title='bbox 1024 523 1148 605; x_wconf 84' lang='lat' dir='ltr'><strong>rogati,</strong></span> <span class='ocrx_word' id='word_1_8' title='bbox 1178 519 1312 606; x_wconf 87' lang='lat' dir='ltr'><strong>pollice·</strong></span> 
     </span>
     <span class='ocr_line' id='line_1_3' title="bbox 165 621 987 689; baseline -0.009 0"><span class='ocrx_word' id='word_1_9' title='bbox 165 648 238 689; x_wconf 89' lang='lat' dir='ltr'><strong>mur</strong></span> <span class='ocrx_word' id='word_1_10' title='bbox 260 625 356 687; x_wconf 89' lang='lat' dir='ltr'><strong>ultro.</strong></span> <span class='ocrx_word' id='word_1_11' title='bbox 635 621 641 634; x_wconf 88' lang='lat'>&#39;</span> <span class='ocrx_word' id='word_1_12' title='bbox 985 629 987 633; x_wconf 81' lang='grc'><strong>’</strong></span> 
     </span>
    </p>

    <p class='ocr_par' dir='ltr' id='par_1_3' title="bbox 163 724 1312 913">
     <span class='ocr_line' id='line_1_4' title="bbox 249 724 1312 809; baseline -0.001 -21"><span class='ocrx_word' id='word_1_13' title='bbox 249 738 406 788; x_wconf 74' lang='lat' dir='ltr'><strong>Pncvnus</strong></span> <span class='ocrx_word' id='word_1_14' title='bbox 441 733 474 787; x_wconf 87' lang='lat' dir='ltr'><strong>et</strong></span> <span class='ocrx_word' id='word_1_15' title='bbox 506 729 656 804; x_wconf 75' lang='lat' dir='ltr'><strong>Paeona]</strong></span> <span class='ocrx_word' id='word_1_16' title='bbox 688 724 831 808; x_wconf 86' lang='lat' dir='ltr'><strong>pecudes</strong></span> <span class='ocrx_word' id='word_1_17' title='bbox 860 745 939 787; x_wconf 88' lang='lat' dir='ltr'><strong>oues</strong></span> <span class='ocrx_word' id='word_1_18' title='bbox 965 733 1092 787; x_wconf 86' lang='lat' dir='ltr'><strong>tantum</strong></span> <span class='ocrx_word' id='word_1_19' title='bbox 1119 724 1312 809; x_wconf 80' lang='lat' dir='ltr'><strong>accipimus,</strong></span> 
     </span>
     <span class='ocr_line' id='line_1_5' title="bbox 163 824 1043 913; baseline -0.003 -22"><span class='ocrx_word' id='word_1_20' title='bbox 163 847 282 913; x_wconf 86' lang='lat' dir='ltr'><strong>pecora</strong></span> <span class='ocrx_word' id='word_1_21' title='bbox 302 836 412 888; x_wconf 86' lang='lat' dir='ltr'><strong>autern</strong></span> <span class='ocrx_word' id='word_1_22' title='bbox 434 825 578 887; x_wconf 90' lang='lat' dir='ltr'><strong>mixtura</strong></span> <span class='ocrx_word' id='word_1_23' title='bbox 602 826 747 887; x_wconf 90' lang='lat' dir='ltr'><strong>omnium</strong></span> <span class='ocrx_word' id='word_1_24' title='bbox 770 824 960 888; x_wconf 87' lang='lat' dir='ltr'><strong>animalium</strong></span> <span class='ocrx_word' id='word_1_25' title='bbox 984 835 1043 888; x_wconf 87' lang='lat' dir='ltr'><strong>est.</strong></span> 
     </span>
    </p>

    <p class='ocr_par' dir='ltr' id='par_1_4' title="bbox 165 925 1334 1114">
     <span class='ocr_line' id='line_1_6' title="bbox 250 925 1334 1011; baseline -0.007 -21"><span class='ocrx_word' id='word_1_26' title='bbox 250 942 368 990; x_wconf 65' lang='lat' dir='ltr'><strong>usnam</strong></span> <span class='ocrx_word' id='word_1_27' title='bbox 392 933 424 988; x_wconf 92' lang='lat' dir='ltr'><strong>et</strong></span> <span class='ocrx_word' id='word_1_28' title='bbox 447 930 579 1007; x_wconf 78' lang='lat' dir='ltr'><strong>conans]</strong></span> <span class='ocrx_word' id='word_1_29' title='bbox 599 925 707 1011; x_wconf 88' lang='lat' dir='ltr'><strong>palam</strong></span> <span class='ocrx_word' id='word_1_30' title='bbox 728 927 872 988; x_wconf 90' lang='lat' dir='ltr'><strong>omnium</strong></span> <span class='ocrx_word' id='word_1_31' title='bbox 888 927 1107 1011; x_wconf 88' lang='lat' dir='ltr'><strong>praesentiam</strong></span> <span class='ocrx_word' id='word_1_32' title='bbox 1123 934 1231 1005; x_wconf 88' lang='lat' dir='ltr'><strong>notat,</strong></span> <span class='ocrx_word' id='word_1_33' title='bbox 1259 946 1334 988; x_wconf 78' lang='lat' dir='ltr'><strong>cos</strong></span> 
     </span>
     <span class='ocr_line' id='line_1_7' title="bbox 165 1026 794 1114; baseline -0.005 -22"><span class='ocrx_word' id='word_1_34' title='bbox 165 1051 235 1092; x_wconf 88' lang='lat' dir='ltr'><strong>ram</strong></span> <span class='ocrx_word' id='word_1_35' title='bbox 257 1048 430 1114; x_wconf 83' lang='lat' dir='ltr'><strong>personam</strong></span> <span class='ocrx_word' id='word_1_36' title='bbox 448 1027 598 1111; x_wconf 82' lang='lat' dir='ltr'><strong>accipere</strong></span> <span class='ocrx_word' id='word_1_37' title='bbox 618 1026 794 1090; x_wconf 81' lang='lat' dir='ltr'><strong>desiderat.</strong></span> 
     </span>
    </p>

    <p class='ocr_par' dir='ltr' id='par_1_5' title="bbox 165 1129 1313 1318">
     <span class='ocr_line' id='line_1_8' title="bbox 249 1129 1313 1214; baseline -0.002 -22"><span class='ocrx_word' id='word_1_38' title='bbox 249 1144 404 1192; x_wconf 68' lang='lat' dir='ltr'><strong>aarum</strong></span> <span class='ocrx_word' id='word_1_39' title='bbox 426 1137 459 1190; x_wconf 87' lang='lat' dir='ltr'><strong>et</strong></span> <span class='ocrx_word' id='word_1_40' title='bbox 474 1131 675 1207; x_wconf 74' lang='lat' dir='ltr'><strong>Parunuvrl]</strong></span> <span class='ocrx_word' id='word_1_41' title='bbox 697 1129 838 1213; x_wconf 87' lang='lat' dir='ltr'><strong>patrium</strong></span> <span class='ocrx_word' id='word_1_42' title='bbox 859 1148 880 1190; x_wconf 92' lang='lat' dir='ltr'><strong>a</strong></span> <span class='ocrx_word' id='word_1_43' title='bbox 894 1129 1000 1214; x_wconf 87' lang='lat' dir='ltr'><strong>patria</strong></span> <span class='ocrx_word' id='word_1_44' title='bbox 1015 1129 1116 1208; x_wconf 81' lang='lat' dir='ltr'><strong>uenit,</strong></span> <span class='ocrx_word' id='word_1_45' title='bbox 1136 1137 1313 1212; x_wconf 88' lang='lat' dir='ltr'><strong>paternum</strong></span> 
     </span>
     <span class='ocr_line' id='line_1_9' title="bbox 165 1240 308 1318; baseline -0.014 -23"><span class='ocrx_word' id='word_1_46' title='bbox 165 1254 185 1295; x_wconf 84' lang='lat' dir='ltr'><strong>a</strong></span> <span class='ocrx_word' id='word_1_47' title='bbox 206 1240 308 1318; x_wconf 66' lang='lat' dir='ltr'><strong>putre.</strong></span> 
     </span>
    </p>

    <p class='ocr_par' dir='ltr' id='par_1_6' title="bbox 165 1320 1342 1520">
     <span class='ocr_line' id='line_1_10' title="bbox 250 1320 1313 1416; baseline -0.003 -20"><span class='ocrx_word' id='word_1_48' title='bbox 250 1346 406 1396; x_wconf 72' lang='lat' dir='ltr'><strong>rounam</strong></span> <span class='ocrx_word' id='word_1_49' title='bbox 430 1339 463 1393; x_wconf 89' lang='lat' dir='ltr'><strong>et</strong></span> <span class='ocrx_word' id='word_1_50' title='bbox 483 1333 640 1411; x_wconf 73' lang='lat' dir='ltr'><strong>roslara]</strong></span> <span class='ocrx_word' id='word_1_51' title='bbox 659 1330 805 1416; x_wconf 88' lang='lat' dir='ltr'><strong>pomaria</strong></span> <span class='ocrx_word' id='word_1_52' title='bbox 827 1320 911 1392; x_wconf 86' lang='lat' dir='ltr'><strong>uasa</strong></span> <span class='ocrx_word' id='word_1_53' title='bbox 932 1329 1089 1414; x_wconf 86' lang='lat' dir='ltr'><strong>dicimus,</strong></span> <span class='ocrx_word' id='word_1_54' title='bbox 1117 1329 1204 1392; x_wconf 85' lang='lat' dir='ltr'><strong>sicut</strong></span> <span class='ocrx_word' id='word_1_55' title='bbox 1227 1329 1313 1393; x_wconf 79' lang='lat' dir='ltr'><strong>olea-</strong></span> 
     </span>
     <span class='ocr_line' id='line_1_11' title="bbox 165 1429 1342 1520; baseline -0.005 -22"><span class='ocrx_word' id='word_1_56' title='bbox 165 1437 231 1519; x_wconf 87' lang='lat' dir='ltr'><strong>ria;</strong></span> <span class='ocrx_word' id='word_1_57' title='bbox 252 1442 382 1520; x_wconf 82' lang='lat' dir='ltr'><strong>pometa</strong></span> <span class='ocrx_word' id='word_1_58' title='bbox 402 1433 486 1495; x_wconf 91' lang='lat' dir='ltr'><strong>sicut</strong></span> <span class='ocrx_word' id='word_1_59' title='bbox 510 1431 632 1494; x_wconf 77' lang='lat' dir='ltr'><strong>olineto</strong></span> <span class='ocrx_word' id='word_1_60' title='bbox 652 1439 686 1493; x_wconf 92' lang='lat' dir='ltr'><strong>et</strong></span> <span class='ocrx_word' id='word_1_61' title='bbox 707 1429 820 1512; x_wconf 86' lang='lat' dir='ltr'><strong>ficeta,</strong></span> <span class='ocrx_word' id='word_1_62' title='bbox 836 1431 966 1495; x_wconf 86' lang='lat' dir='ltr'><strong>maleta.</strong></span> <span class='ocrx_word' id='word_1_63' title='bbox 1319 1453 1342 1493; x_wconf 85' lang='lat' dir='ltr'><strong>ro</strong></span> 
     </span>
    </p>

    <p class='ocr_par' dir='ltr' id='par_1_7' title="bbox 166 1531 1313 1720">
     <span class='ocr_line' id='line_1_12' title="bbox 250 1531 1313 1619; baseline -0.003 -21"><span class='ocrx_word' id='word_1_64' title='bbox 250 1550 356 1598; x_wconf 72' lang='lat' dir='ltr'><strong>aaron</strong></span> <span class='ocrx_word' id='word_1_65' title='bbox 375 1548 480 1594; x_wconf 79' lang='lat' dir='ltr'><strong>vrum</strong></span> <span class='ocrx_word' id='word_1_66' title='bbox 504 1540 536 1594; x_wconf 86' lang='lat' dir='ltr'><strong>et</strong></span> <span class='ocrx_word' id='word_1_67' title='bbox 557 1547 650 1594; x_wconf 73' lang='lat' dir='ltr'><strong>nuru</strong></span> <span class='ocrx_word' id='word_1_68' title='bbox 678 1536 796 1613; x_wconf 82' lang='lat' dir='ltr'><strong>vanrr]</strong></span> <span class='ocrx_word' id='word_1_69' title='bbox 822 1533 912 1619; x_wconf 89' lang='lat' dir='ltr'><strong>prior</strong></span> <span class='ocrx_word' id='word_1_70' title='bbox 933 1531 1206 1618; x_wconf 22' lang='lat' dir='ltr'><strong>adndignitatam,</strong></span> <span class='ocrx_word' id='word_1_71' title='bbox 1236 1540 1313 1595; x_wconf 86' lang='lat' dir='ltr'><strong>ante</strong></span> 
     </span>
     <span class='ocr_line' id='line_1_13' title="bbox 166 1633 525 1720; baseline -0.011 -19"><span class='ocrx_word' id='word_1_72' title='bbox 166 1633 525 1720; x_wconf 47' lang='lat' dir='ltr'><strong>&amp;mmmmm</strong></span> 
     </span>
    </p>
   </div>
   <div class='ocr_carea' id='block_1_3' title="bbox 127 1769 1318 4131">
    <p class='ocr_par' dir='ltr' id='par_1_8' title="bbox 166 1769 1314 2160">
     <span class='ocr_line' id='line_1_14' title="bbox 167 1769 1314 1837; baseline -0.003 -12"><span class='ocrx_word' id='word_1_73' title='bbox 167 1789 248 1824; x_wconf 89' lang='lat' dir='ltr'><strong>unum</strong></span> <span class='ocrx_word' id='word_1_74' title='bbox 267 1772 390 1837; x_wconf 89' lang='lat' dir='ltr'><strong>quodque</strong></span> <span class='ocrx_word' id='word_1_75' title='bbox 410 1776 516 1819; x_wconf 87' lang='lat' dir='ltr'><strong>mature</strong></span> <span class='ocrx_word' id='word_1_76' title='bbox 535 1771 666 1833; x_wconf 76' lang='lat' dir='ltr'><strong>transigit</strong></span> <span class='ocrx_word' id='word_1_77' title='bbox 685 1771 708 1819; x_wconf 87' lang='lat' dir='ltr'><strong>is</strong></span> <span class='ocrx_word' id='word_1_78' title='bbox 726 1774 866 1837; x_wconf 85' lang='lat' dir='ltr'><strong>properat,</strong></span> <span class='ocrx_word' id='word_1_79' title='bbox 886 1770 931 1835; x_wconf 90' lang='lat' dir='ltr'><strong>qui</strong></span> <span class='ocrx_word' id='word_1_80' title='bbox 949 1769 1035 1823; x_wconf 80' lang='lat' dir='ltr'><strong>multa</strong></span> <span class='ocrx_word' id='word_1_81' title='bbox 1053 1769 1133 1820; x_wconf 89' lang='lat' dir='ltr'><strong>simul</strong></span> <span class='ocrx_word' id='word_1_82' title='bbox 1151 1770 1314 1836; x_wconf 83' lang='lat' dir='ltr'><strong>incipitne-</strong></span> 
     </span>
     <span class='ocr_line' id='line_1_15' title="bbox 167 1835 1314 1906; baseline -0.003 -15"><span class='ocrx_word' id='word_1_83' title='bbox 167 1857 219 1906; x_wconf 86' lang='lat' dir='ltr'><strong>que</strong></span> <span class='ocrx_word' id='word_1_84' title='bbox 237 1839 357 1906; x_wconf 61' lang='lat' dir='ltr'><strong>perlicit,</strong></span> <span class='ocrx_word' id='word_1_85' title='bbox 388 1839 412 1887; x_wconf 91' lang='lat' dir='ltr'><strong>is</strong></span> <span class='ocrx_word' id='word_1_86' title='bbox 436 1835 571 1887; x_wconf 65' lang='lat' dir='ltr'><strong>festinat!</strong></span> <span class='ocrx_word' id='word_1_87' title='bbox 607 1837 711 1887; x_wconf 86' lang='lat' dir='ltr'><strong>Paulus</strong></span> <span class='ocrx_word' id='word_1_88' title='bbox 734 1837 810 1887; x_wconf 82' lang='lat' dir='ltr'><strong>Festi</strong></span> <span class='ocrx_word' id='word_1_89' title='bbox 832 1853 859 1902; x_wconf 89' lang='lat' dir='ltr'><strong>p.</strong></span> <span class='ocrx_word' id='word_1_90' title='bbox 883 1837 946 1887; x_wconf 79' lang='lat'><strong>235:</strong></span> <span class='ocrx_word' id='word_1_91' title='bbox 978 1839 1145 1902; x_wconf 83' lang='lat' dir='ltr'><strong>‘Properare</strong></span> <span class='ocrx_word' id='word_1_92' title='bbox 1169 1838 1246 1888; x_wconf 82' lang='lat' dir='ltr'><strong>aliud</strong></span> <span class='ocrx_word' id='word_1_93' title='bbox 1270 1844 1314 1889; x_wconf 84' lang='lat' dir='ltr'><strong>est</strong></span> 
     </span>
     <span class='ocr_line' id='line_1_16' title="bbox 167 1905 1313 1971; baseline -0.002 -13"><span class='ocrx_word' id='word_1_94' title='bbox 167 1909 241 1959; x_wconf 88' lang='lat' dir='ltr'><strong>aliud</strong></span> <span class='ocrx_word' id='word_1_95' title='bbox 260 1907 407 1966; x_wconf 83' lang='lat' dir='ltr'><strong>festinare;</strong></span> <span class='ocrx_word' id='word_1_96' title='bbox 431 1906 478 1969; x_wconf 91' lang='lat' dir='ltr'><strong>qui</strong></span> <span class='ocrx_word' id='word_1_97' title='bbox 497 1919 579 1954; x_wconf 89' lang='lat' dir='ltr'><strong>uuum</strong></span> <span class='ocrx_word' id='word_1_98' title='bbox 598 1905 662 1968; x_wconf 92' lang='lat' dir='ltr'><strong>quid</strong></span> <span class='ocrx_word' id='word_1_99' title='bbox 681 1911 788 1953; x_wconf 84' lang='lat' dir='ltr'><strong>mature</strong></span> <span class='ocrx_word' id='word_1_100' title='bbox 806 1905 936 1969; x_wconf 78' lang='lat' dir='ltr'><strong>transigit</strong></span> <span class='ocrx_word' id='word_1_101' title='bbox 954 1905 978 1953; x_wconf 88' lang='lat' dir='ltr'><strong>is</strong></span> <span class='ocrx_word' id='word_1_102' title='bbox 996 1911 1140 1969; x_wconf 81' lang='lat' dir='ltr'><strong>properat,</strong></span> <span class='ocrx_word' id='word_1_103' title='bbox 1160 1906 1208 1971; x_wconf 84' lang='lat' dir='ltr'><strong>qui</strong></span> <span class='ocrx_word' id='word_1_104' title='bbox 1226 1906 1313 1956; x_wconf 78' lang='lat' dir='ltr'><strong>multa</strong></span> 
     </span>
     <span class='ocr_line' id='line_1_17' title="bbox 166 1969 1313 2038; baseline -0.002 -13"><span class='ocrx_word' id='word_1_105' title='bbox 166 1975 246 2025; x_wconf 89' lang='lat' dir='ltr'><strong>simul</strong></span> <span class='ocrx_word' id='word_1_106' title='bbox 264 1973 363 2038; x_wconf 84' lang='lat' dir='ltr'><strong>incipit</strong></span> <span class='ocrx_word' id='word_1_107' title='bbox 381 1987 470 2037; x_wconf 90' lang='lat' dir='ltr'><strong>neque</strong></span> <span class='ocrx_word' id='word_1_108' title='bbox 488 1971 640 2037; x_wconf 85' lang='lat' dir='ltr'><strong>perficitis</strong></span> <span class='ocrx_word' id='word_1_109' title='bbox 658 1971 794 2021; x_wconf 58' lang='lat' dir='ltr'><strong>festinat)</strong></span> <span class='ocrx_word' id='word_1_110' title='bbox 814 1999 845 2008; x_wconf 95' lang='lat'>-</span> <span class='ocrx_word' id='word_1_111' title='bbox 864 1972 886 2021; x_wconf 77' lang='lat' dir='ltr'>F</span> <span class='ocrx_word' id='word_1_112' title='bbox 904 1989 931 2036; x_wconf 94' lang='lat' dir='ltr'><strong>p.</strong></span> <span class='ocrx_word' id='word_1_113' title='bbox 950 1969 1012 2021; x_wconf 73' lang='lat'><strong>355:</strong></span> <span class='ocrx_word' id='word_1_114' title='bbox 1032 1973 1095 2034; x_wconf 78' lang='lat' dir='ltr'><strong>‘Qui</strong></span> <span class='ocrx_word' id='word_1_115' title='bbox 1113 1981 1247 2037; x_wconf 86' lang='lat' dir='ltr'><strong>properat</strong></span> <span class='ocrx_word' id='word_1_116' title='bbox 1265 1989 1313 2038; x_wconf 80' lang='lat' dir='ltr'><strong>sp-</strong></span> 
     </span>
     <span class='ocr_line' id='line_1_18' title="bbox 167 2039 1306 2108; baseline -0.001 -16"><span class='ocrx_word' id='word_1_117' title='bbox 167 2047 247 2108; x_wconf 89' lang='lat' dir='ltr'><strong>paret</strong></span> <span class='ocrx_word' id='word_1_118' title='bbox 263 2056 318 2091; x_wconf 90' lang='lat' dir='ltr'><strong>uon</strong></span> <span class='ocrx_word' id='word_1_119' title='bbox 336 2054 398 2090; x_wconf 83' lang='lat' dir='ltr'><strong>esse</strong></span> <span class='ocrx_word' id='word_1_120' title='bbox 417 2041 532 2090; x_wconf 80' lang='lat' dir='ltr'><strong>fessum:</strong></span> <span class='ocrx_word' id='word_1_121' title='bbox 558 2040 603 2103; x_wconf 91' lang='lat' dir='ltr'><strong>qui</strong></span> <span class='ocrx_word' id='word_1_122' title='bbox 622 2039 741 2102; x_wconf 76' lang='lat' dir='ltr'><strong>festinat¹</strong></span> <span class='ocrx_word' id='word_1_123' title='bbox 755 2039 865 2089; x_wconf 89' lang='lat' dir='ltr'><strong>uidetur</strong></span> <span class='ocrx_word' id='word_1_124' title='bbox 882 2054 943 2090; x_wconf 83' lang='lat' dir='ltr'><strong>esse</strong></span> <span class='ocrx_word' id='word_1_125' title='bbox 962 2039 1152 2104; x_wconf 60' lang='lat' dir='ltr'><strong>defatigatus)</strong></span> <span class='ocrx_word' id='word_1_126' title='bbox 1189 2041 1227 2090; x_wconf 78' lang='lat' dir='ltr'><strong>ct.</strong></span> <span class='ocrx_word' id='word_1_127' title='bbox 1248 2041 1306 2091; x_wconf 75' lang='lat' dir='ltr'><strong>uer·</strong></span> 
     </span>
     <span class='ocr_line' id='line_1_19' title="bbox 166 2110 1133 2160; baseline -0.003 -1"><span class='ocrx_word' id='word_1_128' title='bbox 166 2113 219 2160; x_wconf 83' lang='lat' dir='ltr'><strong>lius</strong></span> <span class='ocrx_word' id='word_1_129' title='bbox 237 2110 254 2158; x_wconf 92' lang='lat' dir='ltr'><strong>l.</strong></span> <span class='ocrx_word' id='word_1_130' title='bbox 275 2125 298 2158; x_wconf 89' lang='lat' dir='ltr'><strong>c.</strong></span> <span class='ocrx_word' id='word_1_131' title='bbox 1131 2151 1133 2156; x_wconf 93' lang='lat'><strong>.</strong></span> 
     </span>
    </p>

    <p class='ocr_par' dir='ltr' id='par_1_9' title="bbox 167 2171 1315 2509">
     <span class='ocr_line' id='line_1_20' title="bbox 234 2171 1312 2239; baseline -0.001 -13"><span class='ocrx_word' id='word_1_132' title='bbox 234 2175 365 2227; x_wconf 89' lang='lat' dir='ltr'><strong>Polliceri</strong></span> <span class='ocrx_word' id='word_1_133' title='bbox 384 2181 412 2225; x_wconf 81' lang='lat' dir='ltr'><strong>et</strong></span> <span class='ocrx_word' id='word_1_134' title='bbox 430 2171 600 2239; x_wconf 84' lang='lat' dir='ltr'><strong>promittere]</strong></span> <span class='ocrx_word' id='word_1_135' title='bbox 621 2173 645 2223; x_wconf 87' lang='lat' dir='ltr'>G</span> <span class='ocrx_word' id='word_1_136' title='bbox 663 2190 689 2239; x_wconf 89' lang='lat' dir='ltr'><strong>p.</strong></span> <span class='ocrx_word' id='word_1_137' title='bbox 708 2172 742 2223; x_wconf 85' lang='grc'><strong>79</strong></span> <span class='ocrx_word' id='word_1_138' title='bbox 759 2189 786 2223; x_wconf 92' lang='lat' dir='ltr'><strong>u.</strong></span> <span class='ocrx_word' id='word_1_139' title='bbox 814 2173 879 2222; x_wconf 90' lang='lat' dir='ltr'><strong>l=</strong></span> <span class='ocrx_word' id='word_1_140' title='bbox 896 2174 922 2224; x_wconf 88' lang='grc' dir='ltr'><strong>Η</strong></span> <span class='ocrx_word' id='word_1_141' title='bbox 947 2191 983 2239; x_wconf 73' lang='lat' dir='ltr'><strong>p.</strong></span> <span class='ocrx_word' id='word_1_142' title='bbox 997 2174 1027 2223; x_wconf 87' lang='lat'><strong>8:</strong></span> <span class='ocrx_word' id='word_1_143' title='bbox 1053 2174 1253 2225; x_wconf 86' lang='lat' dir='ltr'><strong>‘Promittimus</strong></span> <span class='ocrx_word' id='word_1_144' title='bbox 1271 2191 1312 2225; x_wconf 91' lang='lat' dir='ltr'><strong>ro·</strong></span> 
     </span>
     <span class='ocr_line' id='line_1_21' title="bbox 167 2240 1314 2312; baseline -0.002 -17"><span class='ocrx_word' id='word_1_145' title='bbox 167 2246 228 2312; x_wconf 82' lang='lat' dir='ltr'><strong>gati</strong></span> <span class='ocrx_word' id='word_1_146' title='bbox 245 2244 408 2309; x_wconf 81' lang='lat' dir='ltr'><strong>pollicemur</strong></span> <span class='ocrx_word' id='word_1_147' title='bbox 425 2240 517 2293; x_wconf 87' lang='lat' dir='ltr'><strong>ultro.&#39;</strong></span> <span class='ocrx_word' id='word_1_148' title='bbox 553 2243 566 2291; x_wconf 95' lang='lat' dir='ltr'>I</span> <span class='ocrx_word' id='word_1_149' title='bbox 588 2258 615 2307; x_wconf 93' lang='lat' dir='ltr'><strong>p.</strong></span> <span class='ocrx_word' id='word_1_150' title='bbox 639 2240 702 2291; x_wconf 82' lang='lat'><strong>439:</strong></span> <span class='ocrx_word' id='word_1_151' title='bbox 728 2241 875 2291; x_wconf 81' lang='lat' dir='ltr'><strong>‘Polliceri</strong></span> <span class='ocrx_word' id='word_1_152' title='bbox 896 2242 1012 2292; x_wconf 87' lang='lat' dir='ltr'><strong>dicimur</strong></span> <span class='ocrx_word' id='word_1_153' title='bbox 1034 2242 1105 2306; x_wconf 89' lang='lat' dir='ltr'><strong>quod</strong></span> <span class='ocrx_word' id='word_1_154' title='bbox 1127 2248 1226 2306; x_wconf 85' lang='lat' dir='ltr'><strong>sponte</strong></span> <span class='ocrx_word' id='word_1_155' title='bbox 1251 2259 1314 2308; x_wconf 90' lang='lat' dir='ltr'><strong>pro·</strong></span> 
     </span>
     <span class='ocr_line' id='line_1_22' title="bbox 168 2308 1314 2376; baseline -0.002 -14"><span class='ocrx_word' id='word_1_156' title='bbox 168 2313 300 2362; x_wconf 82' lang='lat' dir='ltr'><strong>mittimus</strong></span> <span class='ocrx_word' id='word_1_157' title='bbox 318 2326 370 2360; x_wconf 86' lang='lat' dir='ltr'><strong>uec</strong></span> <span class='ocrx_word' id='word_1_158' title='bbox 388 2311 489 2375; x_wconf 82' lang='lat' dir='ltr'><strong>rogati,</strong></span> <span class='ocrx_word' id='word_1_159' title='bbox 507 2313 668 2374; x_wconf 84' lang='lat' dir='ltr'><strong>promittere</strong></span> <span class='ocrx_word' id='word_1_160' title='bbox 688 2310 757 2373; x_wconf 84' lang='lat' dir='ltr'><strong>quod</strong></span> <span class='ocrx_word' id='word_1_161' title='bbox 775 2308 889 2374; x_wconf 85' lang='lat' dir='ltr'><strong>potitur.</strong></span> <span class='ocrx_word' id='word_1_162' title='bbox 924 2325 990 2375; x_wconf 77' lang='lat' dir='ltr'><strong>ergo</strong></span> <span class='ocrx_word' id='word_1_163' title='bbox 1008 2311 1192 2374; x_wconf 89' lang='lat' dir='ltr'><strong>promittimus</strong></span> <span class='ocrx_word' id='word_1_164' title='bbox 1209 2312 1314 2376; x_wconf 76' lang='lat' dir='ltr'><strong>rogati,</strong></span> 
     </span>
     <span class='ocr_line' id='line_1_23' title="bbox 167 2375 1315 2447; baseline -0.001 -17"><span class='ocrx_word' id='word_1_165' title='bbox 167 2380 329 2447; x_wconf 82' lang='lat' dir='ltr'><strong>pollicemur</strong></span> <span class='ocrx_word' id='word_1_166' title='bbox 346 2377 427 2428; x_wconf 88' lang='lat' dir='ltr'><strong>ultro.</strong></span> <span class='ocrx_word' id='word_1_167' title='bbox 462 2378 530 2427; x_wconf 88' lang='lat' dir='ltr'><strong>item</strong></span> <span class='ocrx_word' id='word_1_168' title='bbox 547 2376 707 2441; x_wconf 87' lang='lat' dir='ltr'><strong>pollicemur</strong></span> <span class='ocrx_word' id='word_1_169' title='bbox 724 2377 861 2441; x_wconf 87' lang='lat' dir='ltr'><strong>scriptura</strong></span> <span class='ocrx_word' id='word_1_170' title='bbox 879 2378 1062 2442; x_wconf 88' lang='lat' dir='ltr'><strong>promittimus</strong></span> <span class='ocrx_word' id='word_1_171' title='bbox 1079 2375 1184 2428; x_wconf 67' lang='lat' dir='ltr'><strong>uerbo!</strong></span> <span class='ocrx_word' id='word_1_172' title='bbox 1198 2404 1231 2415; x_wconf 88' lang='lat'><em>-</em></span> <span class='ocrx_word' id='word_1_173' title='bbox 1250 2378 1315 2429; x_wconf 79' lang='lat' dir='ltr'><strong>Ser·</strong></span> 
     </span>
     <span class='ocr_line' id='line_1_24' title="bbox 167 2442 1071 2509; baseline -0.004 -11"><span class='ocrx_word' id='word_1_174' title='bbox 167 2450 229 2498; x_wconf 81' lang='lat' dir='ltr'><strong>vius</strong></span> <span class='ocrx_word' id='word_1_175' title='bbox 247 2450 315 2496; x_wconf 79' lang='lat' dir='ltr'><strong>Aen.</strong></span> <span class='ocrx_word' id='word_1_176' title='bbox 336 2447 348 2495; x_wconf 95' lang='lat'><em>1</em></span> <span class='ocrx_word' id='word_1_177' title='bbox 367 2444 429 2495; x_wconf 77' lang='lat'><strong>237:</strong></span> <span class='ocrx_word' id='word_1_178' title='bbox 450 2445 623 2494; x_wconf 87' lang='lat' dir='ltr'><strong>‘Pollicemur</strong></span> <span class='ocrx_word' id='word_1_179' title='bbox 641 2449 739 2508; x_wconf 86' lang='lat' dir='ltr'><strong>sponte</strong></span> <span class='ocrx_word' id='word_1_180' title='bbox 758 2460 788 2493; x_wconf 94' lang='lat' dir='ltr'><strong>ro</strong></span> <span class='ocrx_word' id='word_1_181' title='bbox 809 2447 849 2492; x_wconf 86' lang='lat' dir='ltr'><strong>ati</strong></span> <span class='ocrx_word' id='word_1_182' title='bbox 868 2442 1071 2509; x_wconf 62' lang='lat' dir='ltr'><strong>promittimus.⁸</strong></span> 
     </span>
    </p>

    <p class='ocr_par' dir='ltr' id='par_1_10' title="bbox 169 2460 1313 2646">
     <span class='ocr_line' id='line_1_25' title="bbox 252 2460 1313 2577; baseline -0.002 -13"><span class='ocrx_word' id='word_1_183' title='bbox 252 2513 378 2565; x_wconf 81' lang='lat' dir='ltr'><strong>Pecudes</strong></span> <span class='ocrx_word' id='word_1_184' title='bbox 400 2519 430 2562; x_wconf 89' lang='lat' dir='ltr'><strong>et</strong></span> <span class='ocrx_word' id='word_1_185' title='bbox 450 2509 562 2577; x_wconf 85' lang='lat' dir='ltr'><strong>pecora]</strong></span> <span class='ocrx_word' id='word_1_186' title='bbox 587 2512 611 2560; x_wconf 86' lang='lat' dir='ltr'><strong>G</strong></span> <span class='ocrx_word' id='word_1_187' title='bbox 634 2528 662 2577; x_wconf 79' lang='lat' dir='ltr'><strong>p.</strong></span> <span class='ocrx_word' id='word_1_188' title='bbox 683 2510 717 2560; x_wconf 82' lang='lat'><strong>80</strong></span> <span class='ocrx_word' id='word_1_189' title='bbox 738 2527 765 2560; x_wconf 91' lang='lat' dir='ltr'><strong>u.</strong></span> <span class='ocrx_word' id='word_1_190' title='bbox 784 2460 822 2566; x_wconf 66' lang='lat' dir='ltr'><em>M</em></span> <span class='ocrx_word' id='word_1_191' title='bbox 842 2530 878 2554; x_wconf 87' lang='lat'>=</span> <span class='ocrx_word' id='word_1_192' title='bbox 894 2513 922 2561; x_wconf 87' lang='lat' dir='ltr'>H</span> <span class='ocrx_word' id='word_1_193' title='bbox 939 2529 966 2577; x_wconf 93' lang='lat' dir='ltr'><strong>p.</strong></span> <span class='ocrx_word' id='word_1_194' title='bbox 986 2510 1031 2561; x_wconf 83' lang='lat'><strong>13:</strong></span> <span class='ocrx_word' id='word_1_195' title='bbox 1051 2512 1313 2569; x_wconf 39' lang='lat' dir='ltr'><strong>‘Pecudes&#39;tsntum</strong></span> 
     </span>
     <span class='ocr_line' id='line_1_26' title="bbox 169 2578 1180 2646; baseline -0.004 -13"><span class='ocrx_word' id='word_1_196' title='bbox 169 2599 234 2633; x_wconf 89' lang='lat' dir='ltr'><strong>oues</strong></span> <span class='ocrx_word' id='word_1_197' title='bbox 253 2582 412 2646; x_wconf 86' lang='lat' dir='ltr'><strong>accipimus,</strong></span> <span class='ocrx_word' id='word_1_198' title='bbox 431 2595 534 2645; x_wconf 86' lang='lat' dir='ltr'><strong>pecora</strong></span> <span class='ocrx_word' id='word_1_199' title='bbox 553 2584 644 2628; x_wconf 87' lang='lat' dir='ltr'><strong>autem</strong></span> <span class='ocrx_word' id='word_1_200' title='bbox 664 2580 783 2629; x_wconf 84' lang='lat' dir='ltr'><strong>mixtura</strong></span> <span class='ocrx_word' id='word_1_201' title='bbox 801 2580 920 2629; x_wconf 88' lang='lat' dir='ltr'><strong>omnium</strong></span> <span class='ocrx_word' id='word_1_202' title='bbox 940 2579 1099 2629; x_wconf 88' lang='lat' dir='ltr'><strong>animalium</strong></span> <span class='ocrx_word' id='word_1_203' title='bbox 1118 2578 1180 2629; x_wconf 86' lang='lat' dir='ltr'><strong>est.’</strong></span> 
     </span>
    </p>

    <p class='ocr_par' dir='ltr' id='par_1_11' title="bbox 127 2643 1316 3046">
     <span class='ocr_line' id='line_1_27' title="bbox 252 2643 1315 2712; baseline 0 -13"><span class='ocrx_word' id='word_1_204' title='bbox 252 2650 349 2699; x_wconf 86' lang='lat' dir='ltr'><strong>Palam</strong></span> <span class='ocrx_word' id='word_1_205' title='bbox 368 2653 396 2697; x_wconf 86' lang='lat' dir='ltr'><strong>ot</strong></span> <span class='ocrx_word' id='word_1_206' title='bbox 413 2643 514 2711; x_wconf 88' lang='lat' dir='ltr'><strong>coram]</strong></span> <span class='ocrx_word' id='word_1_207' title='bbox 535 2648 558 2695; x_wconf 82' lang='lat' dir='ltr'><strong>G</strong></span> <span class='ocrx_word' id='word_1_208' title='bbox 576 2663 601 2710; x_wconf 93' lang='lat' dir='ltr'><strong>p.</strong></span> <span class='ocrx_word' id='word_1_209' title='bbox 620 2645 654 2695; x_wconf 77' lang='lat'><strong>80</strong></span> <span class='ocrx_word' id='word_1_210' title='bbox 672 2662 697 2694; x_wconf 91' lang='lat' dir='ltr'><strong>n.</strong></span> <span class='ocrx_word' id='word_1_211' title='bbox 721 2645 766 2696; x_wconf 82' lang='lat' dir='ltr'><strong>lo:</strong></span> <span class='ocrx_word' id='word_1_212' title='bbox 787 2646 893 2696; x_wconf 84' lang='lat' dir='ltr'><strong>‘Palam</strong></span> <span class='ocrx_word' id='word_1_213' title='bbox 911 2646 1049 2696; x_wconf 88' lang='lat' dir='ltr'><strong>hominum</strong></span> <span class='ocrx_word' id='word_1_214' title='bbox 1061 2649 1251 2712; x_wconf 86' lang='lat' dir='ltr'><strong>praesentiam</strong></span> <span class='ocrx_word' id='word_1_215' title='bbox 1265 2664 1315 2699; x_wconf 89' lang='lat' dir='ltr'><strong>no-</strong></span> 
     </span>
     <span class='ocr_line' id='line_1_28' title="bbox 169 2712 1315 2778; baseline -0.002 -11"><span class='ocrx_word' id='word_1_216' title='bbox 169 2724 223 2778; x_wconf 86' lang='lat' dir='ltr'><strong>tat,</strong></span> <span class='ocrx_word' id='word_1_217' title='bbox 249 2733 340 2767; x_wconf 88' lang='lat' dir='ltr'><strong>coram</strong></span> <span class='ocrx_word' id='word_1_218' title='bbox 364 2730 507 2778; x_wconf 86' lang='lat' dir='ltr'><strong>personam</strong></span> <span class='ocrx_word' id='word_1_219' title='bbox 532 2715 659 2778; x_wconf 87' lang='lat' dir='ltr'><strong>accipere</strong></span> <span class='ocrx_word' id='word_1_220' title='bbox 684 2712 841 2763; x_wconf 64' lang='lat' dir='ltr'><strong>desiderat)</strong></span> <span class='ocrx_word' id='word_1_221' title='bbox 882 2714 908 2762; x_wconf 90' lang='lat' dir='ltr'>H</span> <span class='ocrx_word' id='word_1_222' title='bbox 930 2731 957 2778; x_wconf 92' lang='lat' dir='ltr'><strong>p.</strong></span> <span class='ocrx_word' id='word_1_223' title='bbox 977 2713 1020 2762; x_wconf 77' lang='lat'><strong>14:</strong></span> <span class='ocrx_word' id='word_1_224' title='bbox 1045 2714 1156 2764; x_wconf 84' lang='lat' dir='ltr'><strong>‘Palam</strong></span> <span class='ocrx_word' id='word_1_225' title='bbox 1174 2715 1315 2766; x_wconf 87' lang='lat' dir='ltr'><strong>homiuum</strong></span> 
     </span>
     <span class='ocr_line' id='line_1_29' title="bbox 168 2780 1315 2850; baseline -0.002 -16"><span class='ocrx_word' id='word_1_226' title='bbox 168 2785 353 2850; x_wconf 87' lang='lat' dir='ltr'><strong>praesentium</strong></span> <span class='ocrx_word' id='word_1_227' title='bbox 376 2788 468 2841; x_wconf 86' lang='lat' dir='ltr'><strong>notat,</strong></span> <span class='ocrx_word' id='word_1_228' title='bbox 493 2797 584 2830; x_wconf 86' lang='lat' dir='ltr'><strong>coram</strong></span> <span class='ocrx_word' id='word_1_229' title='bbox 608 2797 751 2846; x_wconf 84' lang='lat' dir='ltr'><strong>personam</strong></span> <span class='ocrx_word' id='word_1_230' title='bbox 774 2780 933 2843; x_wconf 63' lang='lat' dir='ltr'><strong>desiderat)</strong></span> <span class='ocrx_word' id='word_1_231' title='bbox 958 2809 991 2816; x_wconf 92' lang='lat'>-</span> <span class='ocrx_word' id='word_1_232' title='bbox 1027 2782 1139 2831; x_wconf 82' lang='lat' dir='ltr'><strong>Flavius</strong></span> <span class='ocrx_word' id='word_1_233' title='bbox 1163 2783 1257 2847; x_wconf 84' lang='lat' dir='ltr'><strong>Caper</strong></span> <span class='ocrx_word' id='word_1_234' title='bbox 1280 2785 1315 2832; x_wconf 90' lang='lat' dir='ltr'><strong>de</strong></span> 
     </span>
     <span class='ocr_line' id='line_1_30' title="bbox 169 2849 1316 2915; baseline -0.002 -14"><span class='ocrx_word' id='word_1_235' title='bbox 169 2850 364 2915; x_wconf 83' lang='lat' dir='ltr'><strong>orthographia</strong></span> <span class='ocrx_word' id='word_1_236' title='bbox 383 2866 407 2913; x_wconf 93' lang='lat' dir='ltr'><strong>p.</strong></span> <span class='ocrx_word' id='word_1_237' title='bbox 428 2849 493 2897; x_wconf 73' lang='lat'><strong>2242</strong></span> <span class='ocrx_word' id='word_1_238' title='bbox 512 2851 548 2896; x_wconf 86' lang='lat' dir='ltr'><strong>P:</strong></span> <span class='ocrx_word' id='word_1_239' title='bbox 569 2849 677 2897; x_wconf 84' lang='lat' dir='ltr'><strong>‘Coram</strong></span> <span class='ocrx_word' id='word_1_240' title='bbox 696 2849 745 2897; x_wconf 93' lang='lat' dir='ltr'><strong>illo</strong></span> <span class='ocrx_word' id='word_1_241' title='bbox 764 2850 909 2898; x_wconf 78' lang='lat' dir='ltr'><strong>(licendum</strong></span> <span class='ocrx_word' id='word_1_242' title='bbox 925 2855 967 2898; x_wconf 90' lang='lat' dir='ltr'><strong>est</strong></span> <span class='ocrx_word' id='word_1_243' title='bbox 984 2865 1037 2898; x_wconf 87' lang='lat' dir='ltr'><strong>uon</strong></span> <span class='ocrx_word' id='word_1_244' title='bbox 1056 2850 1148 2913; x_wconf 87' lang='lat' dir='ltr'><strong>palam</strong></span> <span class='ocrx_word' id='word_1_245' title='bbox 1167 2849 1230 2899; x_wconf 89' lang='lat' dir='ltr'><strong>illo:</strong></span> <span class='ocrx_word' id='word_1_246' title='bbox 1251 2866 1316 2900; x_wconf 85' lang='lat' dir='ltr'><strong>narn</strong></span> 
     </span>
     <span class='ocr_line' id='line_1_31' title="bbox 168 2916 1316 2984; baseline -0.002 -16"><span class='ocrx_word' id='word_1_247' title='bbox 168 2921 261 2984; x_wconf 84' lang='lat' dir='ltr'><strong>palum</strong></span> <span class='ocrx_word' id='word_1_248' title='bbox 280 2919 313 2966; x_wconf 89' lang='lat' dir='ltr'><strong>ad</strong></span> <span class='ocrx_word' id='word_1_249' title='bbox 333 2916 431 2965; x_wconf 85' lang='lat' dir='ltr'><strong>multos</strong></span> <span class='ocrx_word' id='word_1_250' title='bbox 455 2918 586 2976; x_wconf 85' lang='lat' dir='ltr'><strong>refertur,</strong></span> <span class='ocrx_word' id='word_1_251' title='bbox 610 2917 702 2981; x_wconf 86' lang='lat' dir='ltr'><strong>palam</strong></span> <span class='ocrx_word' id='word_1_252' title='bbox 726 2917 831 2965; x_wconf 88' lang='lat' dir='ltr'><strong>factum</strong></span> <span class='ocrx_word' id='word_1_253' title='bbox 855 2917 888 2966; x_wconf 89' lang='lat' dir='ltr'><strong>de</strong></span> <span class='ocrx_word' id='word_1_254' title='bbox 912 2917 1004 2966; x_wconf 87' lang='lat' dir='ltr'><strong>multis</strong></span> <span class='ocrx_word' id='word_1_255' title='bbox 1028 2917 1113 2966; x_wconf 86' lang='lat' dir='ltr'><strong>hahet</strong></span> <span class='ocrx_word' id='word_1_256' title='bbox 1131 2916 1316 2981; x_wconf 82' lang='lat' dir='ltr'><strong>significatio·</strong></span> 
     </span>
     <span class='ocr_line' id='line_1_32' title="bbox 127 2983 802 3046; baseline 0.001 -15"><span class='ocrx_word' id='word_1_257' title='bbox 127 3025 130 3031; x_wconf 90' lang='lat'><strong>.</strong></span> <span class='ocrx_word' id='word_1_258' title='bbox 169 3000 240 3046; x_wconf 84' lang='lat' dir='ltr'><strong>nem,</strong></span> <span class='ocrx_word' id='word_1_259' title='bbox 261 2987 345 3033; x_wconf 88' lang='lat' dir='ltr'><strong>etiam</strong></span> <span class='ocrx_word' id='word_1_260' title='bbox 364 2985 387 3031; x_wconf 89' lang='lat' dir='ltr'><strong>si</strong></span> <span class='ocrx_word' id='word_1_261' title='bbox 406 2983 457 3033; x_wconf 90' lang='lat' dir='ltr'><strong>hoc</strong></span> <span class='ocrx_word' id='word_1_262' title='bbox 476 2990 585 3033; x_wconf 86' lang='lat' dir='ltr'><strong>ueteres</strong></span> <span class='ocrx_word' id='word_1_263' title='bbox 605 2984 802 3033; x_wconf 83' lang='lat' dir='ltr'><strong>uariaueruut.&#39;</strong></span> 
     </span>
    </p>

    <p class='ocr_par' dir='ltr' id='par_1_12' title="bbox 168 3049 1317 3319">
     <span class='ocr_line' id='line_1_33' title="bbox 253 3049 1317 3117; baseline 0.003 -17"><span class='ocrx_word' id='word_1_264' title='bbox 253 3053 376 3101; x_wconf 86' lang='lat' dir='ltr'><strong>Patrium</strong></span> <span class='ocrx_word' id='word_1_265' title='bbox 396 3059 423 3100; x_wconf 88' lang='lat' dir='ltr'><strong>ct</strong></span> <span class='ocrx_word' id='word_1_266' title='bbox 441 3049 595 3115; x_wconf 83' lang='lat' dir='ltr'><strong>paternum]</strong></span> <span class='ocrx_word' id='word_1_267' title='bbox 617 3052 639 3100; x_wconf 85' lang='lat' dir='ltr'><strong>G</strong></span> <span class='ocrx_word' id='word_1_268' title='bbox 658 3067 683 3115; x_wconf 94' lang='lat' dir='ltr'><strong>p.</strong></span> <span class='ocrx_word' id='word_1_269' title='bbox 695 3050 728 3099; x_wconf 80' lang='grc'><strong>94</strong></span> <span class='ocrx_word' id='word_1_270' title='bbox 741 3067 767 3100; x_wconf 90' lang='lat' dir='ltr'><strong>u.</strong></span> <span class='ocrx_word' id='word_1_271' title='bbox 786 3050 866 3099; x_wconf 73' lang='lat' dir='ltr'><strong>ol:</strong></span> <span class='ocrx_word' id='word_1_272' title='bbox 878 3051 904 3100; x_wconf 88' lang='lat' dir='ltr'><em>H</em></span> <span class='ocrx_word' id='word_1_273' title='bbox 922 3068 948 3116; x_wconf 93' lang='lat' dir='ltr'><strong>p.</strong></span> <span class='ocrx_word' id='word_1_274' title='bbox 971 3051 1015 3100; x_wconf 78' lang='lat'><strong>18:</strong></span> <span class='ocrx_word' id='word_1_275' title='bbox 1037 3052 1171 3100; x_wconf 81' lang='lat' dir='ltr'><strong>‘Patrium</strong></span> <span class='ocrx_word' id='word_1_276' title='bbox 1185 3067 1202 3100; x_wconf 85' lang='lat' dir='ltr'><strong>a</strong></span> <span class='ocrx_word' id='word_1_277' title='bbox 1221 3054 1317 3117; x_wconf 83' lang='lat' dir='ltr'><strong>patria</strong></span> 
     </span>
     <span class='ocr_line' id='line_1_34' title="bbox 168 3117 1316 3184; baseline 0 -15"><span class='ocrx_word' id='word_1_278' title='bbox 168 3123 253 3181; x_wconf 86' lang='lat' dir='ltr'><strong>uenit,</strong></span> <span class='ocrx_word' id='word_1_279' title='bbox 273 3125 418 3184; x_wconf 85' lang='lat' dir='ltr'><strong>paternum</strong></span> <span class='ocrx_word' id='word_1_280' title='bbox 437 3136 454 3168; x_wconf 87' lang='lat' dir='ltr'><strong>a</strong></span> <span class='ocrx_word' id='word_1_281' title='bbox 472 3117 570 3183; x_wconf 62' lang='lat' dir='ltr'><strong>patre)</strong></span> <span class='ocrx_word' id='word_1_282' title='bbox 603 3119 690 3167; x_wconf 77' lang='lat'><strong>1453:</strong></span> <span class='ocrx_word' id='word_1_283' title='bbox 712 3119 868 3168; x_wconf 78' lang='lat' dir='ltr'><strong>&#39;Paternum</strong></span> <span class='ocrx_word' id='word_1_284' title='bbox 889 3127 931 3168; x_wconf 89' lang='lat' dir='ltr'><strong>est</strong></span> <span class='ocrx_word' id='word_1_285' title='bbox 949 3119 1020 3183; x_wconf 76' lang='lat' dir='ltr'><strong>quoti</strong></span> <span class='ocrx_word' id='word_1_286' title='bbox 1033 3120 1120 3183; x_wconf 88' lang='lat' dir='ltr'><strong>patris</strong></span> <span class='ocrx_word' id='word_1_287' title='bbox 1134 3119 1186 3168; x_wconf 85' lang='lat' dir='ltr'><strong>fuit</strong></span> <span class='ocrx_word' id='word_1_288' title='bbox 1203 3126 1234 3168; x_wconf 93' lang='lat' dir='ltr'><strong>ut</strong></span> <span class='ocrx_word' id='word_1_289' title='bbox 1255 3121 1316 3169; x_wconf 82' lang='lat' dir='ltr'><strong>iun·</strong></span> 
     </span>
     <span class='ocr_line' id='line_1_35' title="bbox 169 3184 1317 3251; baseline 0.003 -17"><span class='ocrx_word' id='word_1_290' title='bbox 169 3190 218 3237; x_wconf 84' lang='lat' dir='ltr'><strong>‹lus</strong></span> <span class='ocrx_word' id='word_1_291' title='bbox 238 3196 381 3251; x_wconf 59' lang='lat' dir='ltr'><strong>paternum</strong></span> <span class='ocrx_word' id='word_1_292' title='bbox 401 3189 505 3250; x_wconf 78' lang='lat' dir='ltr'><strong>patrius</strong></span> <span class='ocrx_word' id='word_1_293' title='bbox 523 3187 624 3235; x_wconf 73' lang='lat' dir='ltr'><strong>«licitur</strong></span> <span class='ocrx_word' id='word_1_294' title='bbox 642 3187 715 3250; x_wconf 88' lang='lat' dir='ltr'><strong>patri</strong></span> <span class='ocrx_word' id='word_1_295' title='bbox 734 3187 838 3247; x_wconf 81' lang='lat' dir='ltr'><strong>similis,</strong></span> <span class='ocrx_word' id='word_1_296' title='bbox 858 3193 889 3235; x_wconf 90' lang='lat' dir='ltr'><strong>ut</strong></span> <span class='ocrx_word' id='word_1_297' title='bbox 907 3188 1013 3250; x_wconf 84' lang='lat' dir='ltr'><strong>patrius</strong></span> <span class='ocrx_word' id='word_1_298' title='bbox 1032 3184 1127 3235; x_wconf 85' lang='lat' dir='ltr'><strong>arnor.’</strong></span> <span class='ocrx_word' id='word_1_299' title='bbox 1150 3214 1179 3219; x_wconf 90' lang='lat'>—</span> <span class='ocrx_word' id='word_1_300' title='bbox 1199 3186 1317 3237; x_wconf 79' lang='lat' dir='ltr'><strong>Flavius</strong></span> 
     </span>
     <span class='ocr_line' id='line_1_36' title="bbox 169 3252 1317 3319; baseline 0.001 -15"><span class='ocrx_word' id='word_1_301' title='bbox 169 3258 259 3319; x_wconf 78' lang='lat' dir='ltr'><strong>Caper</strong></span> <span class='ocrx_word' id='word_1_302' title='bbox 282 3255 316 3303; x_wconf 84' lang='lat' dir='ltr'><strong>dc</strong></span> <span class='ocrx_word' id='word_1_303' title='bbox 340 3254 537 3318; x_wconf 85' lang='lat' dir='ltr'><strong>orthographia</strong></span> <span class='ocrx_word' id='word_1_304' title='bbox 560 3270 586 3318; x_wconf 87' lang='lat' dir='ltr'><strong>p.</strong></span> <span class='ocrx_word' id='word_1_305' title='bbox 611 3252 678 3302; x_wconf 72' lang='lat'><strong>2243</strong></span> <span class='ocrx_word' id='word_1_306' title='bbox 701 3255 735 3302; x_wconf 88' lang='lat' dir='ltr'><strong>P:</strong></span> <span class='ocrx_word' id='word_1_307' title='bbox 765 3255 801 3303; x_wconf 68' lang='lat' dir='ltr'><strong>‘A</strong></span> <span class='ocrx_word' id='word_1_308' title='bbox 825 3255 916 3318; x_wconf 86' lang='lat' dir='ltr'><strong>patria</strong></span> <span class='ocrx_word' id='word_1_309' title='bbox 939 3255 1058 3318; x_wconf 85' lang='lat' dir='ltr'><strong>patrium</strong></span> <span class='ocrx_word' id='word_1_310' title='bbox 1083 3254 1173 3314; x_wconf 83' lang='lat' dir='ltr'><strong>dicos,</strong></span> <span class='ocrx_word' id='word_1_311' title='bbox 1199 3270 1215 3303; x_wconf 93' lang='lat' dir='ltr'><strong>a</strong></span> <span class='ocrx_word' id='word_1_312' title='bbox 1235 3261 1317 3319; x_wconf 87' lang='lat' dir='ltr'><strong>patro</strong></span> 
     </span>
    </p>

    <p class='ocr_par' dir='ltr' id='par_1_13' title="bbox 188 3322 331 3372">
     <span class='ocr_line' id='line_1_37' title="bbox 188 3322 331 3372; baseline -0.014 0"><span class='ocrx_word' id='word_1_313' title='bbox 188 3322 331 3372; x_wconf 86' lang='lat' dir='ltr'><strong>aternum&#39;</strong></span> 
     </span>
    </p>

    <p class='ocr_par' dir='ltr' id='par_1_14' title="bbox 168 3339 1318 3996">
     <span class='ocr_line' id='line_1_38' title="bbox 168 3339 1317 3456; baseline 0.001 -17"><span class='ocrx_word' id='word_1_314' title='bbox 168 3339 184 3387; x_wconf 72' lang='lat' dir='ltr'>p</span> <span class='ocrx_word' id='word_1_315' title='bbox 254 3391 383 3439; x_wconf 85' lang='lat' dir='ltr'><strong>Pomaria</strong></span> <span class='ocrx_word' id='word_1_316' title='bbox 406 3396 433 3438; x_wconf 88' lang='lat' dir='ltr'><strong>et</strong></span> <span class='ocrx_word' id='word_1_317' title='bbox 452 3386 572 3453; x_wconf 78' lang='lat' dir='ltr'><strong>pometa]</strong></span> <span class='ocrx_word' id='word_1_318' title='bbox 597 3389 620 3438; x_wconf 82' lang='lat' dir='ltr'><strong>G</strong></span> <span class='ocrx_word' id='word_1_319' title='bbox 643 3406 669 3454; x_wconf 92' lang='lat' dir='ltr'><strong>p.</strong></span> <span class='ocrx_word' id='word_1_320' title='bbox 689 3388 722 3437; x_wconf 73' lang='grc'><strong>94</strong></span> <span class='ocrx_word' id='word_1_321' title='bbox 741 3406 770 3438; x_wconf 90' lang='lat' dir='ltr'><strong>n.</strong></span> <span class='ocrx_word' id='word_1_322' title='bbox 796 3389 828 3438; x_wconf 79' lang='grc'><strong>95</strong></span> <span class='ocrx_word' id='word_1_323' title='bbox 849 3408 884 3431; x_wconf 90' lang='lat'><strong><em>=</em></strong></span> <span class='ocrx_word' id='word_1_324' title='bbox 906 3389 931 3437; x_wconf 91' lang='lat' dir='ltr'><em>H</em></span> <span class='ocrx_word' id='word_1_325' title='bbox 951 3407 977 3453; x_wconf 90' lang='lat' dir='ltr'><strong>p.</strong></span> <span class='ocrx_word' id='word_1_326' title='bbox 1001 3388 1043 3437; x_wconf 82' lang='lat'><strong>18:</strong></span> <span class='ocrx_word' id='word_1_327' title='bbox 1069 3389 1214 3438; x_wconf 77' lang='lat' dir='ltr'><strong>‘Pomaria</strong></span> <span class='ocrx_word' id='word_1_328' title='bbox 1239 3405 1317 3456; x_wconf 78' lang='lat' dir='ltr'><strong>uaga</strong></span> 
     </span>
     <span class='ocr_line' id='line_1_39' title="bbox 169 3456 1316 3521; baseline -0.001 -13"><span class='ocrx_word' id='word_1_329' title='bbox 169 3459 284 3508; x_wconf 84' lang='lat' dir='ltr'><strong>dicimus</strong></span> <span class='ocrx_word' id='word_1_330' title='bbox 308 3459 379 3507; x_wconf 89' lang='lat' dir='ltr'><strong>sicut</strong></span> <span class='ocrx_word' id='word_1_331' title='bbox 402 3457 507 3507; x_wconf 86' lang='lat' dir='ltr'><strong>olearia</strong></span> <span class='ocrx_word' id='word_1_332' title='bbox 531 3463 559 3506; x_wconf 89' lang='lat' dir='ltr'><strong>et</strong></span> <span class='ocrx_word' id='word_1_333' title='bbox 582 3457 692 3517; x_wconf 82' lang='lat' dir='ltr'><strong>ficaria,</strong></span> <span class='ocrx_word' id='word_1_334' title='bbox 718 3464 828 3521; x_wconf 87' lang='lat' dir='ltr'><strong>pometa</strong></span> <span class='ocrx_word' id='word_1_335' title='bbox 852 3458 931 3521; x_wconf 87' lang='lat' dir='ltr'><strong>quasi</strong></span> <span class='ocrx_word' id='word_1_336' title='bbox 955 3457 1058 3505; x_wconf 84' lang='lat' dir='ltr'><strong>maleta</strong></span> <span class='ocrx_word' id='word_1_337' title='bbox 1080 3456 1164 3506; x_wconf 86' lang='lat' dir='ltr'><strong>ficeta</strong></span> <span class='ocrx_word' id='word_1_338' title='bbox 1187 3456 1316 3507; x_wconf 86' lang='lat' dir='ltr'><strong>oliuets.&#39;</strong></span> 
     </span>
     <span class='ocr_line' id='line_1_40' title="bbox 170 3525 1317 3591; baseline -0.002 -14"><span class='ocrx_word' id='word_1_339' title='bbox 170 3530 193 3577; x_wconf 82' lang='lat' dir='ltr'>G</span> <span class='ocrx_word' id='word_1_340' title='bbox 212 3544 237 3591; x_wconf 89' lang='lat' dir='ltr'><strong>p.</strong></span> <span class='ocrx_word' id='word_1_341' title='bbox 257 3525 290 3575; x_wconf 92' lang='grc'><strong>99</strong></span> <span class='ocrx_word' id='word_1_342' title='bbox 308 3542 334 3575; x_wconf 90' lang='lat' dir='ltr'><strong>n.</strong></span> <span class='ocrx_word' id='word_1_343' title='bbox 357 3525 417 3574; x_wconf 75' lang='lat'><strong>158:</strong></span> <span class='ocrx_word' id='word_1_344' title='bbox 444 3526 568 3574; x_wconf 82' lang='lat' dir='ltr'><strong>‘Pometa</strong></span> <span class='ocrx_word' id='word_1_345' title='bbox 586 3525 633 3573; x_wconf 90' lang='lat' dir='ltr'><strong>uhi</strong></span> <span class='ocrx_word' id='word_1_346' title='bbox 651 3542 733 3589; x_wconf 87' lang='lat' dir='ltr'><strong>poma</strong></span> <span class='ocrx_word' id='word_1_347' title='bbox 752 3531 915 3580; x_wconf 80' lang='lat' dir='ltr'><strong>naseuntur.</strong></span> <span class='ocrx_word' id='word_1_348' title='bbox 936 3525 1060 3588; x_wconf 86' lang='lat' dir='ltr'><strong>pomaria</strong></span> <span class='ocrx_word' id='word_1_349' title='bbox 1079 3526 1108 3572; x_wconf 92' lang='lat' dir='ltr'><strong>in</strong></span> <span class='ocrx_word' id='word_1_350' title='bbox 1127 3540 1179 3588; x_wconf 93' lang='lat' dir='ltr'><strong>quo</strong></span> <span class='ocrx_word' id='word_1_351' title='bbox 1199 3540 1317 3575; x_wconf 86' lang='lat' dir='ltr'><strong>seruau-</strong></span> 
     </span>
     <span class='ocr_line' id='line_1_41' title="bbox 170 3591 1318 3660; baseline 0 -16"><span class='ocrx_word' id='word_1_352' title='bbox 170 3594 230 3645; x_wconf 84' lang='lat' dir='ltr'><strong>tur.’</strong></span> <span class='ocrx_word' id='word_1_353' title='bbox 267 3595 291 3642; x_wconf 85' lang='lat' dir='ltr'>R</span> <span class='ocrx_word' id='word_1_354' title='bbox 309 3611 335 3660; x_wconf 93' lang='lat' dir='ltr'><strong>p.</strong></span> <span class='ocrx_word' id='word_1_355' title='bbox 354 3592 417 3642; x_wconf 75' lang='lat'><strong>307:</strong></span> <span class='ocrx_word' id='word_1_356' title='bbox 439 3594 589 3641; x_wconf 83' lang='lat' dir='ltr'><strong>‘Pometum</strong></span> <span class='ocrx_word' id='word_1_357' title='bbox 609 3598 651 3641; x_wconf 82' lang='lat' dir='ltr'><strong>cst</strong></span> <span class='ocrx_word' id='word_1_358' title='bbox 664 3593 711 3641; x_wconf 89' lang='lat' dir='ltr'><strong>uhi</strong></span> <span class='ocrx_word' id='word_1_359' title='bbox 724 3608 804 3656; x_wconf 89' lang='lat' dir='ltr'><strong>poma</strong></span> <span class='ocrx_word' id='word_1_360' title='bbox 817 3597 976 3651; x_wconf 85' lang='lat' dir='ltr'><strong>naseuntur,</strong></span> <span class='ocrx_word' id='word_1_361' title='bbox 1001 3591 1152 3655; x_wconf 86' lang='lat' dir='ltr'><strong>pomarium</strong></span> <span class='ocrx_word' id='word_1_362' title='bbox 1170 3592 1318 3657; x_wconf 79' lang='lat' dir='ltr'><strong>uhipoma</strong></span> 
     </span>
     <span class='ocr_line' id='line_1_42' title="bbox 169 3657 1317 3728; baseline -0.002 -16"><span class='ocrx_word' id='word_1_363' title='bbox 169 3667 344 3728; x_wconf 85' lang='lat' dir='ltr'><strong>reponuntur,</strong></span> <span class='ocrx_word' id='word_1_364' title='bbox 365 3662 430 3710; x_wconf 89' lang='lat' dir='ltr'><strong>item</strong></span> <span class='ocrx_word' id='word_1_365' title='bbox 444 3661 594 3724; x_wconf 85' lang='lat' dir='ltr'><strong>pomerium</strong></span> <span class='ocrx_word' id='word_1_366' title='bbox 606 3660 682 3710; x_wconf 86' lang='lat' dir='ltr'><strong>locus</strong></span> <span class='ocrx_word' id='word_1_367' title='bbox 702 3663 778 3710; x_wconf 88' lang='lat' dir='ltr'><strong>circa</strong></span> <span class='ocrx_word' id='word_1_368' title='bbox 796 3674 887 3709; x_wconf 86' lang='lat' dir='ltr'><strong>rnuros</strong></span> <span class='ocrx_word' id='word_1_369' title='bbox 906 3664 949 3709; x_wconf 86' lang='lat' dir='ltr'><strong>cst</strong></span> <span class='ocrx_word' id='word_1_370' title='bbox 966 3675 1047 3708; x_wconf 87' lang='lat' dir='ltr'><strong>sacer</strong></span> <span class='ocrx_word' id='word_1_371' title='bbox 1068 3657 1179 3707; x_wconf 84' lang='lat' dir='ltr'><strong>dictus.&#39;</strong></span> <span class='ocrx_word' id='word_1_372' title='bbox 1217 3661 1230 3709; x_wconf 93' lang='lat'>1</span> <span class='ocrx_word' id='word_1_373' title='bbox 1250 3660 1317 3710; x_wconf 74' lang='lat'><strong>465:</strong></span> 
     </span>
     <span class='ocr_line' id='line_1_43' title="bbox 171 3728 1318 3793; baseline -0.003 -12"><span class='ocrx_word' id='word_1_374' title='bbox 171 3731 336 3782; x_wconf 80' lang='lat' dir='ltr'><strong>‘l&#39;onrarium</strong></span> <span class='ocrx_word' id='word_1_375' title='bbox 357 3734 398 3778; x_wconf 83' lang='lat' dir='ltr'><strong>est</strong></span> <span class='ocrx_word' id='word_1_376' title='bbox 410 3729 456 3776; x_wconf 89' lang='lat' dir='ltr'><strong>uhi</strong></span> <span class='ocrx_word' id='word_1_377' title='bbox 475 3744 556 3793; x_wconf 90' lang='lat' dir='ltr'><strong>poma</strong></span> <span class='ocrx_word' id='word_1_378' title='bbox 574 3733 720 3791; x_wconf 87' lang='lat' dir='ltr'><strong>ponuntur,</strong></span> <span class='ocrx_word' id='word_1_379' title='bbox 739 3734 877 3792; x_wconf 87' lang='lat' dir='ltr'><strong>pometum</strong></span> <span class='ocrx_word' id='word_1_380' title='bbox 888 3728 936 3776; x_wconf 89' lang='lat' dir='ltr'><strong>ubi</strong></span> <span class='ocrx_word' id='word_1_381' title='bbox 948 3743 1029 3791; x_wconf 87' lang='lat' dir='ltr'><strong>poma</strong></span> <span class='ocrx_word' id='word_1_382' title='bbox 1041 3732 1202 3786; x_wconf 81' lang='lat' dir='ltr'><strong>nascuntur,</strong></span> <span class='ocrx_word' id='word_1_383' title='bbox 1221 3743 1318 3791; x_wconf 91' lang='lat' dir='ltr'><strong>pome-</strong></span> 
     </span>
     <span class='ocr_line' id='line_1_44' title="bbox 169 3794 1318 3861; baseline -0.004 -12"><span class='ocrx_word' id='word_1_384' title='bbox 169 3801 238 3849; x_wconf 88' lang='lat' dir='ltr'><strong>rium</strong></span> <span class='ocrx_word' id='word_1_385' title='bbox 262 3799 307 3847; x_wconf 90' lang='lat' dir='ltr'><strong>ubi</strong></span> <span class='ocrx_word' id='word_1_386' title='bbox 331 3813 413 3861; x_wconf 88' lang='lat' dir='ltr'><strong>poma</strong></span> <span class='ocrx_word' id='word_1_387' title='bbox 436 3797 613 3845; x_wconf 84' lang='lat' dir='ltr'><strong>inueniuntur</strong></span> <span class='ocrx_word' id='word_1_388' title='bbox 636 3800 679 3856; x_wconf 79' lang='lat' dir='ltr'><strong>(ul.</strong></span> <span class='ocrx_word' id='word_1_389' title='bbox 704 3797 763 3860; x_wconf 84' lang='lat' dir='ltr'><strong>ipse</strong></span> <span class='ocrx_word' id='word_1_390' title='bbox 787 3796 864 3844; x_wconf 84' lang='lat' dir='ltr'><strong>locus</strong></span> <span class='ocrx_word' id='word_1_391' title='bbox 888 3795 1031 3856; x_wconf 82' lang='lat' dir='ltr'><strong>arborum).</strong></span> <span class='ocrx_word' id='word_1_392' title='bbox 1051 3820 1083 3828; x_wconf 93' lang='lat'>—</span> <span class='ocrx_word' id='word_1_393' title='bbox 1120 3794 1266 3844; x_wconf 84' lang='lat' dir='ltr'><strong>Charisius</strong></span> <span class='ocrx_word' id='word_1_394' title='bbox 1291 3813 1318 3860; x_wconf 90' lang='lat' dir='ltr'><strong>p.</strong></span> 
     </span>
     <span class='ocr_line' id='line_1_45' title="bbox 173 3862 1318 3926; baseline -0.003 -11"><span class='ocrx_word' id='word_1_395' title='bbox 173 3865 232 3915; x_wconf 74' lang='lat'><strong>109:</strong></span> <span class='ocrx_word' id='word_1_396' title='bbox 253 3867 377 3914; x_wconf 77' lang='lat' dir='ltr'><strong>‘l&#39;ometa</strong></span> <span class='ocrx_word' id='word_1_397' title='bbox 400 3864 528 3913; x_wconf 72' lang='lat' dir='ltr'><strong>«licuntur</strong></span> <span class='ocrx_word' id='word_1_398' title='bbox 546 3864 592 3911; x_wconf 93' lang='lat' dir='ltr'><strong>ubi</strong></span> <span class='ocrx_word' id='word_1_399' title='bbox 615 3880 696 3926; x_wconf 87' lang='lat' dir='ltr'><strong>poma</strong></span> <span class='ocrx_word' id='word_1_400' title='bbox 718 3870 868 3913; x_wconf 88' lang='lat' dir='ltr'><strong>nascuntur</strong></span> <span class='ocrx_word' id='word_1_401' title='bbox 891 3869 921 3912; x_wconf 91' lang='lat' dir='ltr'><strong>ut</strong></span> <span class='ocrx_word' id='word_1_402' title='bbox 944 3862 1055 3922; x_wconf 79' lang='lat' dir='ltr'><strong>olineto,</strong></span> <span class='ocrx_word' id='word_1_403' title='bbox 1077 3863 1203 3926; x_wconf 88' lang='lat' dir='ltr'><strong>pomaria</strong></span> <span class='ocrx_word' id='word_1_404' title='bbox 1222 3870 1318 3912; x_wconf 84' lang='lat' dir='ltr'><strong>autem</strong></span> 
     </span>
     <span class='ocr_line' id='line_1_46' title="bbox 170 3929 581 3996; baseline -0.012 -12"><span class='ocrx_word' id='word_1_405' title='bbox 170 3936 216 3984; x_wconf 92' lang='lat' dir='ltr'><strong>uhi</strong></span> <span class='ocrx_word' id='word_1_406' title='bbox 235 3938 380 3982; x_wconf 81' lang='lat' dir='ltr'><strong>seruantur</strong></span> <span class='ocrx_word' id='word_1_407' title='bbox 398 3938 428 3980; x_wconf 92' lang='lat' dir='ltr'><strong>ut</strong></span> <span class='ocrx_word' id='word_1_408' title='bbox 446 3929 581 3996; x_wconf 86' lang='lat' dir='ltr'><strong>penariu.’</strong></span> 
     </span>
    </p>

    <p class='ocr_par' dir='ltr' id='par_1_15' title="bbox 171 3995 1318 4131">
     <span class='ocr_line' id='line_1_47' title="bbox 254 3995 1318 4063; baseline -0.002 -13"><span class='ocrx_word' id='word_1_409' title='bbox 254 4002 332 4051; x_wconf 88' lang='lat' dir='ltr'><strong>Prior</strong></span> <span class='ocrx_word' id='word_1_410' title='bbox 355 4000 432 4048; x_wconf 80' lang='lat' dir='ltr'><strong>uouit</strong></span> <span class='ocrx_word' id='word_1_411' title='bbox 456 4005 484 4047; x_wconf 85' lang='lat' dir='ltr'><strong>ct</strong></span> <span class='ocrx_word' id='word_1_412' title='bbox 507 4005 572 4047; x_wconf 85' lang='lat' dir='ltr'><strong>auto</strong></span> <span class='ocrx_word' id='word_1_413' title='bbox 596 3996 683 4062; x_wconf 86' lang='lat' dir='ltr'><strong>uouit]</strong></span> <span class='ocrx_word' id='word_1_414' title='bbox 703 3999 726 4047; x_wconf 84' lang='lat' dir='ltr'>G</span> <span class='ocrx_word' id='word_1_415' title='bbox 745 4017 770 4063; x_wconf 93' lang='lat' dir='ltr'><strong>p.</strong></span> <span class='ocrx_word' id='word_1_416' title='bbox 789 3998 821 4048; x_wconf 82' lang='lat'><strong>94</strong></span> <span class='ocrx_word' id='word_1_417' title='bbox 844 4014 870 4048; x_wconf 90' lang='lat' dir='ltr'><strong>n.</strong></span> <span class='ocrx_word' id='word_1_418' title='bbox 894 3996 940 4047; x_wconf 78' lang='lat'><strong>67:</strong></span> <span class='ocrx_word' id='word_1_419' title='bbox 966 3996 1118 4045; x_wconf 78' lang='lat' dir='ltr'><strong>‘Prior-ad</strong></span> <span class='ocrx_word' id='word_1_420' title='bbox 1137 3995 1318 4062; x_wconf 80' lang='lat' dir='ltr'><strong>dignitatem,</strong></span> 
     </span>
     <span class='ocr_line' id='line_1_48' title="bbox 171 4064 1282 4131; baseline -0.006 -10"><span class='ocrx_word' id='word_1_421' title='bbox 171 4077 235 4122; x_wconf 86' lang='lat' dir='ltr'><strong>ante</strong></span> <span class='ocrx_word' id='word_1_422' title='bbox 256 4069 291 4118; x_wconf 85' lang='lat' dir='ltr'><strong>ud</strong></span> <span class='ocrx_word' id='word_1_423' title='bbox 310 4075 415 4131; x_wconf 81' lang='lat' dir='ltr'><strong>ternpus</strong></span> <span class='ocrx_word' id='word_1_424' title='bbox 434 4065 572 4114; x_wconf 85' lang='lat' dir='ltr'><strong>refertur.&#39;</strong></span> <span class='ocrx_word' id='word_1_425' title='bbox 597 4067 666 4130; x_wconf 88' lang='lat' dir='ltr'><strong>Hp.</strong></span> <span class='ocrx_word' id='word_1_426' title='bbox 688 4065 730 4115; x_wconf 79' lang='lat'><strong>18:</strong></span> <span class='ocrx_word' id='word_1_427' title='bbox 753 4068 839 4116; x_wconf 84' lang='lat' dir='ltr'><strong>‘l’rior</strong></span> <span class='ocrx_word' id='word_1_428' title='bbox 857 4082 873 4114; x_wconf 88' lang='lat' dir='ltr'><strong>a</strong></span> <span class='ocrx_word' id='word_1_429' title='bbox 885 4066 1033 4130; x_wconf 76' lang='lat' dir='ltr'><strong>dignitate,</strong></span> <span class='ocrx_word' id='word_1_430' title='bbox 1053 4069 1138 4112; x_wconf 86' lang='lat' dir='ltr'><strong>antea</strong></span> <span class='ocrx_word' id='word_1_431' title='bbox 1151 4064 1282 4128; x_wconf 63' lang='lat' dir='ltr'><strong>tempus)</strong></span> 
     </span>
    </p>
   </div>
   <div class='ocr_carea' id='block_1_4' title="bbox 169 4160 570 4186">
    <p class='ocr_par' dir='ltr' id='par_1_16' title="bbox 169 4160 570 4186">
     <span class='ocr_line' id='line_1_49' title="bbox 169 4160 570 4186; baseline -0.005 -14"><span class='ocrx_word' id='word_1_432' title='bbox 169 4168 264 4175; x_wconf 43' lang='lat' dir='ltr'><strong>„w</strong></span> <span class='ocrx_word' id='word_1_433' title='bbox 283 4164 371 4173; x_wconf 51' lang='lat' dir='ltr'><strong>w-..</strong></span> <span class='ocrx_word' id='word_1_434' title='bbox 559 4160 570 4186; x_wconf 55' lang='lat' dir='ltr'>e</span> 
     </span>
    </p>
   </div>
   <div class='ocr_carea' id='block_1_5' title="bbox 171 4197 1321 4372">
    <p class='ocr_par' dir='ltr' id='par_1_17' title="bbox 171 4197 1321 4372">
     <span class='ocr_line' id='line_1_50' title="bbox 255 4197 1321 4285; baseline -0.002 -22"><span class='ocrx_word' id='word_1_435' title='bbox 255 4219 272 4269; x_wconf 84' lang='lat'><strong>3</strong></span> <span class='ocrx_word' id='word_1_436' title='bbox 286 4204 420 4285; x_wconf 85' lang='lat' dir='ltr'><strong>pecuder</strong></span> <span class='ocrx_word' id='word_1_437' title='bbox 442 4205 474 4260; x_wconf 89' lang='lat' dir='ltr'><em>M</em></span> <span class='ocrx_word' id='word_1_438' title='bbox 488 4199 500 4281; x_wconf 65' lang='lat'><strong>¹}</strong></span> <span class='ocrx_word' id='word_1_439' title='bbox 515 4222 627 4280; x_wconf 88' lang='lat' dir='ltr'><strong>pecora</strong></span> <span class='ocrx_word' id='word_1_440' title='bbox 642 4205 673 4260; x_wconf 90' lang='lat' dir='ltr'><em>M</em></span> <span class='ocrx_word' id='word_1_441' title='bbox 693 4199 706 4282; x_wconf 73' lang='lat' dir='ltr'>ss</span> <span class='ocrx_word' id='word_1_442' title='bbox 726 4213 743 4263; x_wconf 79' lang='lat'>4</span> <span class='ocrx_word' id='word_1_443' title='bbox 753 4222 884 4280; x_wconf 87' lang='lat' dir='ltr'><strong>peccora</strong></span> <span class='ocrx_word' id='word_1_444' title='bbox 901 4205 935 4259; x_wconf 92' lang='lat' dir='ltr'><em>M</em></span> <span class='ocrx_word' id='word_1_445' title='bbox 947 4197 959 4281; x_wconf 76' lang='lat' dir='ltr'><strong>h</strong></span> <span class='ocrx_word' id='word_1_446' title='bbox 975 4213 991 4262; x_wconf 72' lang='grc' dir='ltr'>ὁ</span> <span class='ocrx_word' id='word_1_447' title='bbox 1009 4202 1218 4278; x_wconf 86' lang='lat' dir='ltr'><strong>praesentium</strong></span> <span class='ocrx_word' id='word_1_448' title='bbox 1245 4211 1321 4262; x_wconf 80' lang='lat' dir='ltr'><strong>nota</strong></span> 
     </span>
     <span class='ocr_line' id='line_1_51' title="bbox 171 4281 1321 4372; baseline -0.003 -22"><span class='ocrx_word' id='word_1_449' title='bbox 171 4297 202 4350; x_wconf 88' lang='lat' dir='ltr'><em>M</em></span> <span class='ocrx_word' id='word_1_450' title='bbox 222 4290 234 4372; x_wconf 74' lang='lat' dir='ltr'><strong>h</strong></span> <span class='ocrx_word' id='word_1_451' title='bbox 257 4290 430 4369; x_wconf 79' lang='lat' dir='ltr'><strong>9poma1ioi</strong></span> <span class='ocrx_word' id='word_1_452' title='bbox 447 4293 477 4346; x_wconf 93' lang='lat' dir='ltr'><em>M</em></span> <span class='ocrx_word' id='word_1_453' title='bbox 497 4286 510 4369; x_wconf 75' lang='grc' dir='ltr'>Η</span> <span class='ocrx_word' id='word_1_454' title='bbox 530 4308 605 4345; x_wconf 80' lang='lat' dir='ltr'><strong>vasa</strong></span> <span class='ocrx_word' id='word_1_455' title='bbox 622 4291 772 4345; x_wconf 80' lang='lat' dir='ltr'><strong>Hundius:</strong></span> <span class='ocrx_word' id='word_1_456' title='bbox 796 4287 895 4345; x_wconf 86' lang='lat' dir='ltr'><strong>bacha</strong></span> <span class='ocrx_word' id='word_1_457' title='bbox 909 4288 942 4342; x_wconf 94' lang='lat' dir='ltr'><em>M</em></span> <span class='ocrx_word' id='word_1_458' title='bbox 960 4281 972 4366; x_wconf 74' lang='lat' dir='ltr'><strong>h</strong></span> <span class='ocrx_word' id='word_1_459' title='bbox 997 4285 1156 4346; x_wconf 69' lang='lat' dir='ltr'><strong>romuleus</strong></span> <span class='ocrx_word' id='word_1_460' title='bbox 1179 4288 1321 4346; x_wconf 74' lang='lat' dir='ltr'><strong>Mothites.-</strong></span> 
     </span>
    </p>
   </div>
   <div class='ocr_carea' id='block_1_6' title="bbox 170 4377 399 4437">
    <p class='ocr_par' dir='ltr' id='par_1_18' title="bbox 170 4377 399 4437">
     <span class='ocr_line' id='line_1_52' title="bbox 170 4377 399 4437; baseline -0.035 0"><span class='ocrx_word' id='word_1_461' title='bbox 170 4378 303 4437; x_wconf 84' lang='lat' dir='ltr'><strong>aumlcta</strong></span> <span class='ocrx_word' id='word_1_462' title='bbox 319 4377 352 4432; x_wconf 91' lang='lat' dir='ltr'><em>M</em></span> <span class='ocrx_word' id='word_1_463' title='bbox 398 4426 399 4429; x_wconf 76' lang='grc'>,</span> 
     </span>
    </p>
   </div>
   <div class='ocr_carea' id='block_1_7' title="bbox 0 0 1493 5002">
    <p class='ocr_par' dir='ltr' id='par_1_19' title="bbox 0 0 1493 5002">
     <span class='ocr_line' id='line_1_53' title="bbox 0 0 1493 5002; baseline 0 0"><span class='ocrx_word' id='word_1_464' title='bbox 0 0 1493 5002; x_wconf 95' lang='lat' dir='ltr'><strong> </strong></span> 
     </span>
    </p>
   </div>
  </div>
 </body>
</html>
