2964 5002
670 394 774 435 csrvr
798 394 809 434 1
1245 377 1307 439 413

867 540 936 580 ancre

169 594 304 673 ciperem.
337 596 451 654 etenim
470 604 533 669 108,
555 604 598 667 tl,
617 594 671 654 ubi
687 597 718 654 in
737 595 822 654 libris
837 598 961 654 hermam
976 594 1103 673 legitur,
1119 599 1203 654 tuere
1220 617 1308 656 cruce

167 697 301 775 praefixa
332 695 528 755 scribendum
558 705 639 769 erat,
681 717 748 754 curn
778 699 917 755 Hermam
943 717 1042 776 neque
1070 698 1139 756 loco
1168 705 1307 776 corrupto

168 798 359 880 satisfaceret
383 807 415 856 et
435 798 532 877 ipsum
554 817 609 875 per
629 818 663 857 se
685 796 890 857 dubitationes
909 807 1092 877 provocaret
1105 797 1147 874 *).
1198 799 1309 879 quibua

168 897 435 959 observationibus
452 900 658 958 coniecturam
675 919 766 978 supra
784 899 913 977 positam
935 899 1115 977 conprobari
1132 919 1210 958 anus
1225 901 1307 979 quis·

167 1020 221 1079 que
245 1001 356 1081 opinor
379 999 530 1061 concedit.
568 1010 661 1079 atque
684 1001 887 1078 intellegitur,
913 1022 966 1060 eur
986 1021 1077 1059 unum
1103 1010 1219 1060 tantum
1244 1001 1307 1060 He-

166 1101 308 1161 rochiani
322 1101 393 1161 libri
412 1102 620 1181 apographum
643 1102 683 1160 sit
698 1101 828 1173 factum,
849 1104 964 1181 quippe
991 1102 1076 1161 cuius
1096 1103 1238 1181 pagellae
1254 1123 1308 1163 ve-

166 1203 276 1273 tustate
302 1203 347 1262 ita
363 1211 468 1262 essent
489 1222 647 1275 corrosae,
670 1213 704 1261 nt
727 1213 758 1262 et
774 1190 925 1281 scriptura
939 1205 970 1262 in
986 1202 1052 1263 dies
1067 1205 1164 1282 magis
1181 1224 1308 1264 evanes-

166 1313 248 1364 ceret
276 1313 311 1364 et
333 1300 504 1363 verendum
526 1312 608 1364 esset
634 1323 673 1363 ne
696 1305 807 1362 iterata
834 1304 1015 1363 tractatione
1038 1314 1118 1364 totus
1143 1304 1307 1383 deperiret.

166 1405 262 1485 possis
281 1405 376 1464 etiam
396 1405 560 1485 suspicari,
581 1425 642 1464 non
659 1405 756 1484 ipsum
779 1405 934 1485 antiquum
951 1405 1086 1465 codicem
1109 1417 1233 1484 propter
1253 1408 1307 1465 mi-

166 1524 263 1566 seram
282 1506 349 1566 eius
370 1505 580 1566 condicionem
596 1504 651 1566 sed
667 1504 901 1586 descriptionem
917 1509 983 1567 cius
1003 1506 1122 1567 Fuhlae
1138 1508 1191 1568 ubi
1205 1528 1307 1588 reper-

166 1615 210 1667 tna
225 1615 314 1667 esset
329 1606 441 1668 factam
458 1607 496 1667 ah
511 1607 660 1667 Henoeho
675 1609 706 1667 in
726 1601 844 1667 ltalia'm
857 1616 1091 1688 transportatam
1104 1629 1180 1669 esse.

247 1726 291 1786 Vt
307 1745 389 1807 quae
405 1726 506 1786 adhuc
517 1724 672 1804 disputata
688 1727 751 1786 sint
760 1724 895 1786 breviter
910 1726 1170 1806 conprehendam,
1184 1727 1254 1788 libri
1269 1727 1308 1789 de

167 1825 373 1905 grammaticis
400 1838 431 1887 et
457 1827 648 1903 rhetoribus,
683 1827 734 1906 qni
767 1836 890 1906 praeter
916 1829 1008 1888 finem
1035 1829 1154 1905 integer
1176 1830 1242 1889 fere
1268 1830 1308 1889 ad

166 1940 300 1989 nostram
321 1938 454 1988 aetatem
470 1931 650 2008 pervenisse
663 1928 842 2008 putabatur,
862 1951 922 1989 non
938 1930 1083 1989 habemus
1098 1930 1157 1990 nisi
1173 1931 1307 1991 fallacis-

167 2033 272 2091 anum
287 2029 501 2104 simulacrum,
521 2050 588 2089 cum
604 2028 683 2089 adeo
704 2030 926 2109 desperandum
943 2033 997 2104 sit,
1016 2032 1128 2091 veteris
1143 2030 1309 2093 Fuldensis

167 2130 233 2192 libri
257 2133 439 2210 scripturam
459 2151 653 2212 recuperare.
694 2134 780 2192 cuius
803 2132 931 2191 obscura
956 2141 1072 2190 tantum
1096 2136 1241 2193 memoria
1261 2155 1307 2194 re·

168 2231 381 2295 concinnanda
406 2233 464 2292 erit
490 2254 530 2295 ex
555 2235 735 2293 testimoniis
762 2231 899 2295 codicum
926 2232 963 2291 ab
988 2232 1076 2292 Italis
1104 2244 1307 2310 exaratorum,

168 2354 295 2415 quorum
317 2335 482 2396 communis
507 2335 574 2395 lons
602 2335 660 2395 suit
683 2333 915 2394 Henochianum
942 2333 1161 2411 apographum.
1208 2356 1309 2416 neque

169 2434 271 2497 dubito
293 2437 369 2518 quin
390 2435 471 2496 idern
498 2435 662 2496 dicendum
687 2437 726 2494 sit
753 2434 792 2494 de
811 2435 913 2494 Taciti
936 2431 1100 2492 Germania
1121 2445 1151 2494 et
1176 2435 1307 2514 dialogo,

163 2539 349 2616 praesertim
371 2557 438 2596 cnm
458 2558 497 2597 ne
513 2538 542 2596 in
557 2537 615 2596 hac
635 2535 757 2617 quidem
772 2547 858 2614 parte
870 2535 1064 2594 llenoehiani
1080 2534 1151 2593 libri
1169 2535 1309 2614 duplices

169 2638 319 2700 lectiones
334 2659 394 2698 non
415 2630 655 2717 conspicianlur,
671 2638 780 2719 quibus
797 2637 904 2696 eadem
921 2638 1003 2714 origo
1021 2635 1223 2697 confirmetur.

249 2757 363 2837 Itaque
382 2759 412 2816 in
429 2777 465 2817 eo
481 2778 599 2831 snmus,
614 2767 649 2816 ut
664 2758 800 2828 testium,
820 2778 895 2837 quos
912 2755 1092 2835 significavi,
1108 2755 1199 2816 fidem
1216 2757 1307 2816 aesti-

170 2878 293 2918 memus.
333 2861 386 2939 qui
404 2879 471 2919 curn
487 2858 526 2918 ad
541 2880 635 2919 unum
650 2878 753 2917 omnes
768 2858 839 2916 ltali
861 2859 975 2918 luerint
990 2878 1087 2937 eaque
1104 2868 1205 2919 aetate
1222 2860 1307 2917 vixe-

170 2961 240 3033 rint,
263 2979 326 3042 quu
346 2970 464 3022 tantum
483 2961 591 3021 aberet
603 2971 638 3021 ut
652 2970 754 3020 nostro
771 2980 854 3019 more
869 2959 1006 3038 singulas
1024 2959 1166 3019 librorum
1192 2962 1309 3021 litteras

171 3060 334 3141 diligenter
358 3063 563 3143 exprimerent
580 3073 613 3122 ut
636 3084 695 3143 quo
718 3064 785 3142 quis
807 3060 922 3121 doctior
942 3071 1025 3121 esset
1046 3081 1082 3120 eo
1108 3064 1204 3140 magis
1225 3066 1309 3122 testi-

170 3165 267 3223 monia
282 3165 436 3242 corrigere
452 3173 485 3246 ut
499 3160 761 3244 ipsisvidebatrir,
777 3173 810 3222 ut
824 3183 880 3223 uos
899 3163 1035 3223 iudicare
1052 3161 1197 3224 debemus
1218 3166 1309 3225 inter·

170 3266 273 3343 polare
289 3264 446 3339 studeret,
467 3267 521 3324 vix
538 3265 686 3326 credibile
704 3275 765 3341 est,
788 3265 971 3325 Germaniae
994 3263 1126 3324 editores
1140 3266 1310 3328 Massman·

171 3386 237 3427 uum
271 3376 305 3427 et
335 3367 387 3428 Fr.
415 3367 567 3427 Ritternm
599 3369 811 3447 superstitiose
841 3367 974 3426 Pontani
1005 3367 1194 3440 auctoritati,
1225 3370 1311 3428 cuius

172 3467 379 3549 apographum
401 3468 519 3529 Leidae
549 3489 565 3526 a
590 3470 627 3528 L.
650 3468 776 3528 Trossio
805 3470 961 3528 inventum
990 3475 1051 3540 est,
1082 3488 1115 3527 se
1143 3468 1310 3530 addixisse.

173 3588 228 3649 qna
248 3569 288 3631 de
309 3578 397 3628 rent
417 3571 611 3629 severissime
636 3571 679 3630 ita
699 3571 856 3630 verissime
878 3571 1092 3631 Lachmannus
1109 3570 1140 3630 in
1159 3590 1309 3631 commen-

173 3672 244 3730 tario
262 3671 295 3729 in
311 3671 487 3730 Lucretium
506 3693 536 3751 p.
553 3683 587 3733 10
608 3672 771 3731 iudicavit:
794 3691 883 3748 usqae
904 3675 1047 3732 lohasraea
1073 3674 1216 3730 loviaaam
1236 3677 1311 3732 Poa-

172 3781 261 3832 taaam
284 3791 369 3831 uuam
393 3775 482 3831 Taciti
499 3776 615 3832 libellam
644 3785 702 3832 tam
724 3779 912 3849 superstitiosa
933 3777 1076 3832 sedulitate
1102 3779 1312 3851 transcripsisse

172 3877 239 3933 aas
258 3875 340 3933 botro
362 3879 505 3949 suspicari
520 3881 609 3949 potuit
637 3881 691 3934 nisi
711 3881 852 3950 insiguiter
867 3893 1029 3950 perversis.
1067 3885 1230 3953 praeterea
1250 3876 1312 3935 alia

172 3975 350 4051 gravisum
372 3984 525 4034 momenta
544 3977 688 4054 neglecto
709 3985 795 4048 sunt,
816 3975 926 4054 quibus
949 3975 1023 4035 Itali
1045 3977 1127 4036 illius
1147 3979 1312 4037 auctoritas

173 4076 218 4136 rel
236 4076 372 4137 maxime
388 4075 583 4137 diminuatur.
623 4079 748 4150 mittam,
766 4086 888 4136 auctore
910 4075 1019 4137 Geelio
1038 4078 1130 4139 catal.
1147 4078 1214 4138 libr.
1231 4098 1311 4136 man.

247 4326 273 4394 *)
293 4328 396 4379 Eodem
414 4328 475 4380 loco
493 4331 588 4381 nescio
607 4346 659 4396 quo
678 4329 786 4380 infelici
808 4343 874 4378 casu
892 4329 920 4378 in
933 4335 1037 4379 textum
1055 4330 1169 4379 Lartium
1187 4326 1311 4391 inrepsit,

174 4413 285 4491 qnod‘ut
297 4413 391 4464 deleat
404 4414 566 4464 benevolum
580 4415 713 4465 lectorem
725 4429 799 4478 rogo.
