2964 5002
639 378 829 427 mmmm

241 523 425 609 Ἀστερίσκος
440 523 511 610 μετὰ
525 522 632 610 ἀβελοῦ
729 547 805 603 >14-

164 633 170 640 ’
241 624 412 712 ’Λντίσιγμα
735 643 761 702 O

241 726 414 813 ’Λντίσιγμα
428 732 678 813 περιεστιγμένον
715 780 718 786 -
732 743 774 802 O·

245 829 414 913 Κεραόνιον
736 832 775 899 Τ

211 979 236 1006 ›
262 944 350 1031 ἡμὲν
366 935 421 1043 οῦν
439 951 530 1030 διπλῆ
551 943 753 1031 ἀπερίστικτσς
769 953 965 1031 παρατίθεται
986 947 1060 1032 πρὸς
1083 944 1152 1025 τοῦς
1174 957 1304 1032 γλωσσο-

258 1049 393 1132 γράφους
407 1047 431 1129 ἢ
443 1048 626 1133 έτεροδόξους
642 1051 848 1132 ἐκδεξαμένους
863 1044 899 1113 τά
914 1054 968 1114 τοῦ
983 1056 1110 1130 ποιητοῦ
1125 1053 1176 1114 καί
1191 1045 1233 1131 μή
1251 1077 1304 1112 κα-

260 1150 331 1228 λοῦς’·
358 1149 377 1232 ἢ
393 1147 468 1234 πρός
483 1145 534 1226 τάς
548 1146 626 1228 ἀπαξ
641 1154 795 1233 εἰρημένας
814 1154 917 1229 λέξεις,
935 1146 957 1231 η’
971 1147 1044 1233 πρός
1060 1152 1095 1215 τῦ
1115 1152 1237 1215 έναντία
1254 1153 1305 1214 καί

260 1251 426 1373 μαχόμενα,
444 1254 494 1316 καί
511 1254 595 1332 ετερα
609 1248 741 1335 σχήματα
756 1252 914 1373 πάμπρλλα
926 1280 976 1316 και
967 1250 1153 1335 ζητήματα.

210 1347 320 1455 )
301 1379 321 1433 η
339 1354 371 1418 δέ
385 1356 607 1437 περιεστιγμένη
630 1357 719 1436 διπλῆ
733 1350 808 1437 πρός
824 1351 875 1431 τάς
889 1349 1007 1438 γραῳάς
1021 1351 1073 1430 τάς
1089 1356 1304 1435 Ζηνοδοτείσυς

159 1448 171 1465 ’
260 1436 312 1518 κάί
327 1453 480 1537 Κράτητος
492 1457 543 1518 καί
562 1450 654 1519 αῦτου
641 1452 857 1540 Ἀριστάρχου
873 1450 972 1519 καί
939 1483 991 1532 τας
1010 1451 1238 1538 διορθοῦσεις’
1200 1461 1304 1519 αυτοῦ.

197 1596 239 1607 —-
261 1583 277 1620 ο
266 1552 327 1620 ὅ
345 1550 448 1647 όβελὸς
464 1580 539 1637 προς
549 1582 584 1619 τα
599 1552 785 1638 ἀθετοῦμενα
807 1559 855 1621 έπί
873 1562 927 1622 τοῦ
941 1561 1083 1638 ποιητοῦ,
1104 1552 1200 1641 ἤγουν
1222 1581 1303 1621 νενο-

260 1650 427 1739 θευμένα
407 1682 425 1737 η
445 1651 682 1739 ὑποβεβλημένα.
743 1670 747 1674 ’

190 1826 194 1830 ,
212 1778 240 1833 ·>'(
262 1753 277 1823 ό
292 1760 324 1824 δέ
335 1754 503 1839 ἀστερίσκος
513 1757 591 1821 καθ’
606 1756 720 1838 ἔαυτόν,
733 1751 916 1847 ὦςκαλῦςῗ)
929 1761 1091 1844 εἰρημένων
1104 1765 1165 1824 τῶν
1176 1761 1258 1824 έποῖν
1273 1761 1305 1824 έν
1319 1783 1321 1788 ·

250 1856 344 1948 ἀὐτῷ
360 1865 404 1946 τῳ
419 1857 516 1947 τόπῳ,
533 1861 610 1923 ἔνθα
624 1859 703 1923 έστίν
721 1858 890 1942 ἀστερίσκος
905 1857 1004 1943 μόνος.

173 1978 248 2032 ·>“,<-
263 1959 279 2025 ὁ
296 1962 328 2026 δέ
343 1956 513 2043 ἀστερίσκος
528 1956 600 2041 μετά
616 1957 741 2043 όβελοῦ,
758 1958 799 2038 ὡς
813 1958 887 2026 όντα
900 1964 956 2045 μὲν
970 1957 1006 2026 τά
1021 1965 1078 2044 ἔπη
1095 1967 1149 2026 τοῦ
1167 1967 1304 2044 ποιητοῦ,

262 2090 304 2145 μη
321 2067 419 2139 καλῶς
431 2065 462 2127 δέ
480 2067 601 2144 κείμενα
619 2061 701 2125 έν
665 2089 746 2149 αυτῳ
763 2069 805 2150 τῳ
821 2063 917 2151 τόπῳ,
932 2058 996 2127 ἀλλ’
1017 2066 1049 2128 έν
1063 2060 1153 2152 ἀλλῳ.

120 2248 121 2252 ¹
215 2176 240 2237 0
263 2160 296 2228 τό
316 2166 348 2228 δὲ·
364 2157 522 2248 ἀντίσιγμα
541 2161 616 2228 καθ’
636 2161 739 2269 ίαυτό,
759 2160 833 2247 πρός
856 2161 925 2279 τοῦς
945 2129 1232 2250 ένηλλαγμένόυς’
1197 2191 1307 2242 τοπους

262 2270 313 2331 καί
329 2261 507 2355 ἀπῳδοντας.

179 2381 220 2440 0·
262 2395 294 2433 το
284 2365 341 2432 δὲ
354 2361 511 2487 μντίσιχμα
532 2339 769 2450 περιεστιγμένον
783 2364 1034 2450 παρατίθεται,”
1017 2395 1088 2433 οταν
1106 2373 1269 2456 ταυτολογη
1276 2371 1306 2455 ³)

263 2466 361 2534 καί
330 2477 386 2549 την
399 2462 494 2547 αὐτὴν
509 2466 647 2532 ῦιάνοιαν
662 2468 799 2551 δεύτερον
815 2471 921 2558 λέγηῖ·

119 2639 122 2644 ,
199 2572 239 2639 Τ
263 2597 295 2635 το
285 2566 345 2646 ,δὲ
360 2568 536 2654 κεραύνιον·
565 2569 624 2633 έστί
639 2562 696 2652 {niv
711 2576 770 2634 τῦν
786 2576 917 2647 σπανίως
933 2563 1196 2654 παρατιθεμένων,
1223 2574 1310 2652 δηλοῖ

264 2675 296 2736 δὲ
310 2672 360 2735 καί
376 2666 447 2734 αῦτό
462 2665 572 2744 πολλάς
586 2667 719 2751 ζητήσεις
733 2667 808 2753 πρός
819 2681 883 2748 ταῖς
897 2675 1131 2756 προειρημέναις.

252 2773 372 2837 Τοότων
395 2766 426 2834 (λ’
442 2767 584 2854 ἀπάντων
598 2777 657 2835 τῶν
674 2777 802 2853 σημείων
821 2770 1014 2858 ἀκριβέστερα
1031 2779 1140 2857 γνῶσις
1157 2774 1189 2836 ἕν
1206 2784 1267 2850 τοῖς
1277 2777 1306 2860 ⁴)

163 2881 291 2961 βιβλίοις
306 2880 365 2939 τῶν
379 2876 638 2959 συγγραψαμένων
650 2876 717 2956 περί
727 2874 847 2940 τούτων·
865 2877 914 2938 καί
932 2879 972 2950 είς
987 2872 1168 2961 &panau-⁶)
1182 2873 1308 2957 έπιζητει

164 2974 244 3061 παρά
257 2981 315 3041 τῶν
330 2979 476 3058 τεχνιτῶν.

712 3126 756 3185 ΙΙ.

211 3267 237 3302 ›
264 3244 300 3325 τῇ
315 3241 404 3325 διπλῇ
424 3241 530 3322 χρῆται
548 3233 736 3322 Ἀρίσταρχος
757 3237 832 3322 πρὸς
859 3243 990 3322 ἱστορίαν
1015 3235 1234 3321 σχηματισμοῦς
1257 3241 1308 3302 καὶ

264 3343 362 3424 ἑτέρας
379 3344 513 3416 ποικίλας
528 3345 641 3422 χρείας·

214 3449 241 3504 '>·
266 3471 302 3528 τη
290 3444 347 3506 ιίε
364 3443 587 3528 περιεστιγμένη
600 3436 675 3522 πρός
689 3440 859 3522 Ζηνόδοτον
875 3439 928 3506 τόν
946 3440 1131 3524 διορθωτήν·

198 3572 303 3632 -τῳ
293 3546 352 3607 δὲ
369 3539 464 3629 ὀβελῳ
479 3537 552 3660 πρός
564 3538 722 3624 ἀθέτησιν·

170 3668 241 3723 >‚<—
259 3645 420 3729 ἀστερίσκῳ
435 3646 466 3708 δὲ
482 3639 537 3708 συν
550 3643 645 3761 ὀβελῳ
660 3640 734 3727 πρός
749 3640 781 3707 τό
796 3643 873 3708 εἶναι
887 3647 942 3727 μὲν
957 3641 1025 3720 τοῦς
1039 3651 1156 3726 στίχους
1168 3639 1309 3728 Ομηρου,
1330 3644 1331 3647 “

264 3756 381 3813 κεῖσθαι
398 3748 430 3809 δὲ
449 3746 480 3808 ἐν
497 3743 577 3832 ἀλλῳ
592 3745 673 3832 τόπῳ
684 3749 795 3822 καλῶς·
824 3745 870 3824 οίς
885 3749 935 3810 καί
953 3743 1124 3829 ἀστερίσκος
1143 3744 1237 3827 μόνος
1252 3774 1307 3809 πα-

195 3835 200 3845 ,
265 3848 416 3932 ράκειται·

214 3965 249 4024 D.
274 3958 315 4038 τῳ
332 3951 362 4012 δὲ
377 3946 533 4030 ἀντίσιγμα
550 3951 600 4011 καὶ
616 3957 651 4034 τῇ
665 3955 787 4036 στιγμῇ,
804 3947 877 4013 όταν
896 3949 949 4013 δύο
966 3940 1018 4015 ὦσι
1038 3948 1167 4013 διάνοιαι
1184 3945 1216 4012 τό
1237 3946 1309 4014 αῦτό

263 4048 474 4133 σημαινοόσαι,
507 4056 559 4113 τοῦ
588 4057 714 4130 ποιητοῦ
734 4051 916 4135 γεγραφότος
937 4048 1121 4134 ἀμφοτέρας,
1150 4048 1231 4127 ὅπως
1257 4050 1310 4132 τὴν

265 4157 365 4233 ε’τέραν
388 4153 501 4232 ἕληται·
529 4159 571 4240 τῳ
593 4155 623 4216 δὲ
647 4151 741 4238 χρόνῳ
764 4141 814 4215 καὶ
837 4158 872 4216 αί
888 4152 942 4218 ὄῦο
956 4149 1124 4238 εὑρέθησαν
1139 4149 1195 4216 οῦκ
1208 4149 1310 4232 ὀρθῶς
1347 4141 1357 4152 ’

265 4260 392 4337 έχουσαι.

215 4373 241 4426 νζ·
264 4363 306 4446 τῳ
322 4359 353 4421 δὲ
365 4353 527 4442 ἀστερίσκῳ
542 4356 625 4443 μόνῳ
637 4364 740 4439 χρῆται
757 4352 829 4440 πρὸς
841 4353 910 4433 τοῦς
924 4351 1032 4432 αὐτοῦς
1045 4362 1176 4438 στίχους,
1189 4362 1220 4420 οἳ
1231 4366 1309 4427 κεῖν-
