2964 5002
171 340 233 402 tto
507 355 731 408 ovsesrroncs
759 355 986 398 svcrourursn

171 509 210 572 sd
228 509 389 568 Nicolaum
411 508 554 569 Nicolum
580 508 713 568 nobilem
740 507 951 568 Florentinum
976 505 1056 566 datia
1079 505 1254 567 identidem
1276 507 1318 568 de

171 630 226 691 spe
248 608 400 689 quaedam
422 610 525 671 Taciti
543 611 657 689 scripte
674 608 774 669 adhue
796 608 953 687 incognita
971 607 1174 687 recuperandi
1194 608 1316 669 scribit.

170 732 261 794 quam
275 711 441 772 monachus
454 709 685 773 Herefeldensis
702 711 903 783 excitaverat,
920 709 1008 769 cuius
1018 709 1169 769 beneficio
1179 711 1318 789 Poggius

170 813 374 873 inventarium
399 812 565 894 acceperat
586 810 744 872 cuiusdam
761 811 962 871 vetustissimi
987 812 1163 871 monasterii
1183 811 1217 871 in
1236 811 1317 872 Ger·

170 914 288 986 menia,
304 914 357 974 ubi
373 915 480 992 ingens
493 915 636 975 librorum
656 912 744 993 copie
756 921 831 975 erat.
869 922 963 994 atque
985 914 1167 992 promineret
1173 913 1236 974 iile
1252 934 1317 974 mo·

148 1015 302 1089 'nachus,
332 1016 441 1077 librum
464 1037 526 1099 quo
550 1015 653 1077 'Periti
673 1015 794 1094 ‘scripte
818 1016 1048 1077 continerentur
1073 1015 1106 1074 in
1131 1014 1258 1075 Itsliem
1280 1035 1318 1078 se

171 1115 352 1177 adlaturum.
386 1116 442 1179 sed
458 1138 525 1178 cum
541 1118 572 1177 in
586 1117 717 1196 patriam
732 1115 832 1176 redux
850 1124 961 1194 poster
980 1118 1089 1177 iterum
1100 1116 1230 1178 Romam
1245 1134 1316 1196 pro·

170 1218 273 1279 tectim
293 1228 389 1293 esset,
416 1218 456 1279 ad
479 1219 630 1298 Poggium
657 1220 724 1278 sina
750 1217 827 1277 libro
852 1218 949 1278 venit.
992 1214 1015 1279 'a
1040 1239 1102 1300 quo
1129 1219 1318 1303 increpatus,

170 1319 253 1400 quod
274 1320 428 1399 promissio
453 1340 514 1380 non
540 1320 691 1393 stetiseet,
718 1317 915 1380 adseveravit
939 1338 973 1380 se
1000 1321 1061 1380 cito
1087 1318 1262 1381 rediturum·
1284 1328 1318 1382 et

169 1431 359 1503 portaturum
376 1421 505 1485 librum..
532 1431 566 1482 et
585 1439 625 1482 ex
642 1440 679 1482 eo
697 1429 835 1500 ternpore
848 1419 926 1481 nihil
941 1421 1002 1481 iarn
1017 1441 1055 1482 ea
1072 1420 1113 1481 de
1128 1441 1163 1482 re
1177 1422 1317 1501 Poggius

170 1523 290 1598 scribit,
306 1523 502 1613 nt'adparcat
515 1542 585 1584 enm
603 1543 658 1602 spe
673 1541 729 1591 sur
746 1522 924 1583 frustratum
940 1541 1020 1582 esse.
1055 1542 1149 1602 quem
1162 1524 1315 1584 narratio·

169 1645 240 1685 nem
262 1626 444 1686 concinnavi
470 1645 509 1686 cx
538 1624 670 1686 diversis
698 1623 897 1705 epistularum
917 1622 994 1685 loris
1016 1623 1055 1684 nb
1079 1642 1160 1684 anno
1185 1633 1255 1688 1425
1274 1623 1316 1686 ad

170 1747 282 1787 annum
302 1734 369 1790 ΜΒ
382 1728 578 1807 scriptarum,
600 1727 653 1807 qui
670 1747 690 1787 c
706 1728 903 1787 massmanno
924 1726 956 1785 in
972 1723 1108 1786 editione
1124 1724 1314 1787 Germaniae

169 1849 201 1908 p.
222 1835 272 1893 176
286 1848 354 1909 sqq.
378 1828 508 1888 conlecti
519 1836 600 1892 sunt.
643 1826 682 1889 de
703 1827 813 1908 quibus
828 1847 937 1902 unum,
957 1827 1011 1908 qui
1035 1827 1173 1907 inprimis
1195 1826 1236 1890 cd
1250 1848 1315 1889 rern

168 1939 300 1990 normam
316 1930 426 2003 faciet,
444 1928 612 2009 adponam:
634 1934 707 1988 mitto
726 1940 816 1988 cutem
837 1932 877 1988 od
896 1939 924 1988 te
941 1947 1017 1988 nunc
1032 1938 1146 2006 purtem
1167 1933 1318 1991 mercurii

167 2036 229 2104 rui,
249 2036 279 2091 in
294 2050 349 2109 quo
365 2034 529 2092 describitur
542 2035 667 2091 volumen
681 2034 751 2089 tunc
765 2033 855 2089 Taciti
867 2039 894 2090 et
906 2034 1040 2099 amram.
1059 2033 1159 2107 quibua
1172 2048 1314 2106 caremus,

149 2121 751 2210 'quicumsintrerquaedcmpavonlcm
773 2134 1314 2208 mommorenciacensem

167 2237 258 2294 decidi
280 2252 319 2294 ex
342 2220 549 2312 mooetmuspc,
580 2253 664 2310 mm
692 2235 1139 2309 emmeramensis.-
1167 2251 1202 2294 οο
1225 2238 1316 2295 extitit

168 2352 268 2408 cuum,
284 2345 404 2412 propter
419 2354 504 2412 qaum
525 2355 581 2395 nun
602 2353 770 2412 magnopere
782 2335 880 2394 minoi
892 2337 944 2394 ece
954 2336 994 2393 od
1007 2344 1034 2394 te
1046 2337 1185 2409 seribere,
1208 2355 1275 2394 noer
1288 2340 1316 2395 ri

168 2441 235 2514 qnid
253 2442 394 2514 sprepiam
412 2437 512 2511 [snut
529 2440 641 2513 dignam
664 2438 793 2497 Mitem
813 2445 925 2513 omes,
948 2454 1004 2497 non
1017 2439 1110 2495 mian
1128 2440 1314 2513 tcrt'ptt'toen,

168 2541 219 2597 sed
236 2543 297 2614 ipse
318 2541 489 2598 ottoniensem
508 2547 539 2596 ut
556 2542 751 2614 ss'pnisscorem.
787 2557 867 2618 qnae
886 2535 997 2610 verbe,
1021 2548 1056 2596 ut
1074 2535 1219 2617 adposita
1242 2547 1314 2601 sunt

168 2639 209 2700 sd
232 2639 410 2699 invidiosius
434 2637 579 2699 iudicium
594 2640 694 2718 Poggi
714 2638 753 2699 de
775 2640 901 2700 invento
920 2638 1124 2698 Henochiano
1144 2639 1312 2700 inlustran-

169 2741 255 2813 dum,
279 2743 322 2799 ite
349 2741 393 2800 eis
416 2740 649 2800 Heuochianum
671 2733 802 2800 describi
825 2762 885 2800 non
908 2741 1062 2800 annalium
1086 2740 1206 2816 librum,
1231 2761 1312 2822 quae

167 2843 226 2902 fuit
248 2843 360 2902 Rittcri
382 2845 551 2917 sententia,
576 2851 660 2904 recte
680 2845 776 2903 sensit
800 2845 1028 2915 Massmannue,
1054 2840 1110 2901 sed
1135 2843 1312 2904 inconside-

166 2953 232 3004 rate
255 2964 291 3003 eo
319 2944 462 3024 delapsus
491 2954 554 3019 est,
574 2954 609 3004 ut
632 2945 769 3004 codicem
791 2945 875 3004 illum
897 2946 928 3003 in
956 2942 1144 3005 bibliotheca
1169 2945 1312 3006 Hersfel·

168 3045 254 3104 densi
293 3046 388 3106 fuisse
423 3046 605 3107 adfirmaret.
654 3066 733 3128 qnae
772 3047 875 3127 opinio
907 3047 1000 3107 facile
1033 3047 1163 3106 refutari
1198 3057 1312 3125 potest.

166 3166 277 3226 nempe
298 3146 440 3226 litigabat
468 3149 633 3208 monachus
659 3149 727 3221 ille,
761 3157 795 3208 ut
820 3149 919 3227 Poggi
948 3148 1052 3208 verbis
1077 3156 1162 3223 utar,
1191 3149 1312 3208 Romae

166 3249 287 3309 nomine
313 3252 504 3326 monasterii,
533 3270 655 3331 quoqne
676 3251 773 3328 Poggi
798 3252 829 3309 in
856 3250 914 3309 hac
940 3269 974 3310 re
1000 3251 1136 3309 favorem
1157 3249 1216 3309 sibi
1240 3271 1310 3310 con·

167 3349 303 3424 ciliaret,
332 3353 511 3431 promiserat
536 3353 645 3412 librum
671 3352 755 3412 illum
784 3352 836 3410 vel
862 3351 894 3410 vi
921 3352 975 3410 vel
1000 3351 1101 3429 gratis
1120 3352 1151 3411 ei
1171 3371 1206 3412 se
1221 3371 1310 3430 pera·

166 3463 274 3512 turum.
313 3453 419 3535 quodsi
441 3454 541 3515 codex
563 3455 595 3513 in
615 3453 803 3513 bibliotheca
822 3453 868 3512 sni
891 3453 1030 3513 coenobii
1052 3453 1179 3524 fuisset,
1208 3474 1312 3534 neque

166 3557 197 3614 vi
219 3557 378 3634 oportebat
397 3576 490 3634 agere
517 3566 549 3616 ut
576 3576 646 3615 eum
668 3558 797 3615 Romam
825 3554 961 3614 deferret
980 3574 1081 3634 neque
1105 3556 1228 3631 gravati
1248 3576 1311 3615 mo·

166 3659 257 3719 nachi
279 3657 514 3718 Hersfeldenses
535 3667 656 3730 essent,
688 3657 836 3735 Poggium
863 3657 948 3716 cuius
971 3656 1102 3734 gratiam
1119 3657 1312 3735 quaerebant

167 3759 246 3819 dono
266 3761 336 3819 libri
352 3760 410 3819 sibi
432 3759 577 3837 obligare.
615 3761 676 3818 ianr
699 3778 772 3819 vero
796 3760 827 3819 in
844 3760 945 3818 vicino
960 3755 1110 3817 Fuldensi
1123 3760 1312 3819 monasterio

166 3863 328 3920 Tacitinae
340 3862 526 3922 Germaniae
539 3862 648 3921 saltem
659 3860 768 3920 librum
780 3870 919 3924 ann0865
930 3860 1026 3920 inisse
1040 3858 1134 3919 facile
1147 3860 1313 3938 conligitnr

165 3982 205 4022 ex
224 3963 424 4022 translatione
444 3961 477 4021 S.
499 3963 688 4036 Alexandri,
712 3983 801 4042 quem
822 3963 932 4021 librum
950 3960 1125 4021 Ruodolfns
1145 3962 1312 4044 monachus

165 4063 330 4124 Fuldensis
362 4083 389 4122 a.
418 4073 471 4129 863
497 4065 631 4125 scribere
658 4065 820 4143 adgressus
853 4064 1014 4145 quominus
1049 4082 1119 4122 enm
1149 4065 1313 4142 perficeret

166 4186 193 4224 a.
210 4176 262 4230 865
278 4174 372 4224 mortc
390 4166 536 4226 exclusus
552 4175 607 4228 est.
645 4166 837 4246 transcripsit
853 4174 954 4224 autern
971 4166 997 4223 is
1015 4165 1105 4243 plura
1122 4165 1311 4226 Germaniae

167 4268 289 4344 capita,.
320 4287 378 4327 nec
403 4267 434 4327 in
465 4270 510 4327 eie
537 4270 705 4346 scripturae
741 4268 949 4346 discrepantia
976 4266 1218 4345 deprehenditur
1252 4288 1312 4349 qua

166 4365 339 4428 diversans
355 4369 468 4430 uostris
486 4369 574 4432 libris
595 4370 662 4430 fons
679 4369 839 4430 indicetur.
885 4367 958 4449 qnid
983 4370 1075 4447 igitur
1092 4370 1311 4443 verisimilius,
