2964 5002
168 324 228 387 184
366 337 599 384 serrarusnra
619 336 709 378 arear
730 336 773 377 nn
796 334 884 376 anno
907 331 1111 377 nemesus

166 495 220 546 lem
234 498 325 543 autem
339 509 392 541 non
405 491 440 540 ab
454 488 604 555 Aphrodite
617 487 664 538 sed
679 488 715 536 ab
728 485 887 551 aperiendo.
901 485 971 550 qrrod
984 491 1050 537 tuuc
1063 488 1124 537 fere
1137 492 1241 537 cuncta
1255 487 1311 552 gig·

166 567 267 612 aeritur
280 566 308 610 et
321 559 453 609 nascendi
467 556 589 608 claustra
602 555 709 621 aperiat
723 560 833 603 natrna.
866 553 904 604 12.
918 555 1020 605 Maium
1038 571 1105 606 uero
1123 571 1178 605 non
1197 571 1216 604 a
1228 556 1311 604 maio·

166 632 243 680 ribus
261 627 309 676 sed
329 643 346 676 a
363 627 439 676 Maia
458 640 557 675 nomen
576 623 737 688 accepisse,
765 621 836 686 quod
861 638 893 673 eo
916 639 1010 673 mense
1031 629 1088 673 tam
1106 623 1211 673 Rornae
1232 638 1312 687 qnam

167 697 298 747 antesin
317 695 399 744 Latio
418 710 462 743 res
479 692 575 741 diuina
592 691 685 740 Maiae
703 689 734 739 lit
753 696 781 739 et
798 690 943 740 Mercurio.
980 691 1086 741 Iuniam
1106 707 1214 756 qrroqne
1233 707 1251 739 a
1270 691 1311 739 ln-

167 781 238 814 none
258 763 347 828 potins
367 778 447 826 quam
465 759 629 819 iunioribus,
654 757 725 822 qnod
748 757 796 806 illo
819 773 913 807 mense
931 761 1048 808 maxime
1072 759 1171 808 Iunoni
1195 759 1312 809 honores

166 832 312 881 habentur.
340 829 378 879 13.
393 828 550 890 Quintilem,
566 826 636 891 quod
648 825 710 875 loco
727 825 783 874 iarn
795 825 868 890 apud
885 826 1001 876 Latinos
1014 827 1099 877 fuerit
1117 828 1227 891 quinto,
1247 826 1312 875 item

168 897 298 948 Sextilem
323 913 356 946 ac
379 897 511 960 deinceps
535 895 570 943 ad
592 893 775 944 Decembrem
799 908 816 940 a
839 895 958 943 numeris
982 895 1149 960 appellatos.
1191 900 1312 944 ceterum

168 965 325 1016 Ianuarium
345 970 373 1012 et
391 963 571 1013 Februarium
589 968 689 1028 postea
707 960 815 1025 quidem
835 961 943 1012 additos
963 962 1013 1012 sed
1031 963 1187 1013 nominibus
1205 963 1262 1012 iarn
1281 977 1312 1011 ex

167 1034 250 1085 Latio
269 1032 397 1098 snrnptis;
416 1037 448 1080 et
464 1031 621 1080 Ianuarium
641 1030 676 1079 ab
695 1029 763 1077 lano
781 1028 826 1076 cui
845 1030 1001 1081 adtributus
1018 1037 1173 1082 estnomen
1184 1031 1311 1090 traxisse,

167 1100 348 1152 Februarium
358 1114 375 1148 a
384 1099 491 1149 februo.
507 1097 545 1147 lt.
558 1103 601 1147 est
610 1098 735 1146 februum
748 1094 878 1160 quidquid
888 1099 982 1162 expiat
991 1105 1155 1164 purgatque,
1166 1099 1312 1148 etfebrus·
1379 1160 1385 1171 Ι

167 1173 261 1219 menta
279 1172 470 1233 purgamenta,
490 1166 557 1215 item
575 1165 704 1214 februare
727 1178 846 1228 purgare
870 1171 899 1215 et
922 1180 1017 1230 purum
1041 1168 1147 1218 facere.
1188 1165 1313 1216 februum

169 1241 261 1286 antem
281 1251 335 1284 non
353 1235 425 1284 idem
442 1248 638 1298 usquequaque
656 1231 770 1281 dieitur:
790 1245 854 1281 nam
873 1231 957 1282 aliter
974 1233 1003 1282 iu
1022 1234 1087 1283 aliis
1100 1235 1190 1285 saeris
1202 1233 1312 1283 februa·

168 1309 212 1354 tur
229 1303 282 1353 hoc
302 1305 344 1353 est
360 1306 503 1367 purgatur.
532 1299 572 1349 15.
586 1301 615 1349 in
633 1300 685 1350 hoc
705 1305 796 1347 autem
808 1315 901 1349 mense
914 1301 1130 1366 Lupercalibus,
1153 1317 1215 1352 curn
1228 1301 1315 1351 Roma

168 1370 315 1425 lustratur.
338 1370 427 1421 salem
452 1368 597 1419 candidum
621 1367 715 1416 ferunt
733 1364 803 1430 quod
827 1367 953 1417 februum
977 1369 1135 1433 appellant,
1158 1369 1232 1418 unde
1254 1369 1314 1418 diss

168 1437 364 1504 Lupercalium
381 1438 491 1502 proprie
510 1436 654 1485 februatns
678 1440 706 1482 et
728 1432 762 1482 ab
782 1449 814 1485 eo
832 1450 913 1499 porro
931 1437 1034 1486 mensis
1052 1437 1222 1487 Februarius
1239 1437 1313 1487 uoci·

168 1511 252 1555 tatur.
291 1504 330 1554 lu.
351 1521 384 1554 ex
401 1504 443 1553 his
462 1504 604 1554 duodecim
624 1501 762 1551 mensibus
780 1500 892 1552 duorum
911 1509 1017 1553 tantum
1035 1504 1147 1554 aomina
1166 1505 1314 1555 inmutata.

168 1589 233 1623 uam
250 1572 382 1634 Quintilis
400 1572 484 1620 Iulius
503 1570 712 1635 cognominatus
731 1574 773 1617 est
792 1569 822 1619 (l.
837 1570 958 1621 Caesare
970 1572 994 1620 V
1007 1576 1036 1622 et
1053 1573 1089 1621 bf.
1103 1573 1224 1623 Antonio
1236 1572 1314 1623 Coss.

170 1655 242 1690 anuo
261 1639 368 1689 Iuliano
387 1638 520 1689 secundo:
546 1637 591 1701 qni
616 1642 708 1686 autem
732 1635 845 1686 Sextilis
864 1637 969 1700 fuerat,
996 1655 1029 1689 ex
1047 1640 1098 1692 SC.
1118 1640 1226 1690 Marcio
1244 1640 1313 1691 Ceu·

169 1708 260 1758 serino
284 1707 314 1755 C.
339 1706 434 1755 Asinio
453 1704 534 1755 Gallo
554 1704 629 1755 Coss.
653 1705 683 1754 in
705 1705 823 1767 Augusti
846 1705 977 1756 honorem
1000 1707 1090 1757 dictus
1111 1714 1158 1757 est
1175 1709 1316 1773 Augustus

171 1791 242 1824 anno
260 1774 377 1839 Augusti
394 1773 555 1823 uicensimo.
593 1788 663 1837 qrrse
687 1771 798 1822 nomina
817 1773 974 1824 etiamnunc
998 1775 1033 1824 ad
1056 1775 1128 1824 banc
1151 1781 1316 1840 permanent

169 1842 336 1892 memoriam.
368 1840 406 1889 l‘l.
426 1847 524 1905 postea
540 1855 606 1889 uere
619 1838 698 1888 multi
710 1838 849 1905 principes
861 1842 973 1891 nomina
991 1841 1126 1907 quaedam
1138 1858 1262 1892 mensum
1274 1845 1315 1894 iu·

169 1913 344 1960 mutauerant
362 1909 418 1957 siris
436 1907 619 1972 nuncupando
639 1906 808 1967 nominibas;
833 1909 905 1972 quod
929 1915 978 1959 aut
996 1910 1050 1974 ipsi
1068 1911 1241 1975 postmodum
1258 1927 1315 1962 rnu-

169 1981 307 2037 tauernnt‚
328 1983 375 2025 aut
388 1980 456 2040 post
475 1975 580 2024 obitum
599 1990 692 2023 eoram
709 1972 760 2022 illa
778 1977 891 2026 nomina
909 1977 1027 2042 pristinu
1046 1979 1103 2028 suis
1116 1978 1225 2028 reddita
1239 1995 1315 2030 meu·

168 2044 245 2094 sibus
262 2048 334 2092 sunt.

253 2111 411 2160 Macrobius
433 2115 486 2159 sat.
510 2110 524 2159 1
548 2109 587 2171 1⁸2,
611 2111 637 2158 2.
679 2109 749 2158 Auni
773 2117 866 2162 certus
893 2112 989 2163 modus
1014 2113 1085 2178 apud
1108 2111 1183 2163 solos
1205 2129 1318 2180 semper

169 2178 320 2243 Aegyptios
350 2179 411 2227 fuit.
459 2178 575 2227 aliarum
604 2178 728 2242 gentium
755 2179 860 2244 dispari
888 2195 1000 2230 numero
1028 2181 1088 2246 pari
1118 2196 1209 2231 errore
1236 2190 1318 2233 nuta·

170 2247 228 2297 bat·
254 2252 282 2295 et
303 2250 335 2295 nt
358 2250 504 2295 contentus
527 2245 579 2295 sim
603 2244 748 2294 referendo
766 2261 916 2312 paucarum
933 2264 1036 2299 morem
1053 2249 1210 2315 regionum,
1229 2249 1316 2300 Area·

169 2314 218 2364 (les
242 2327 345 2363 annum
366 2328 442 2363 sinnn
465 2312 554 2363 tribus
578 2313 716 2362 mensibus
745 2314 924 2379 explicabant
950 2316 1113 2367 Acamanes
1140 2333 1190 2366 sex
1213 2316 1317 2368 Graeci

170 2381 268 2446 reliqui
286 2381 420 2431 trecentis
439 2380 641 2446 qninquaginta
660 2386 790 2444 qrrattnor
812 2381 909 2432 diebus
933 2399 1035 2434 annum
1053 2385 1193 2449 proprium
1212 2400 1316 2451 conpu-

169 2449 277 2498 tsbant.
308 2447 333 2498 3.
346 2463 400 2497 non
420 2448 503 2512 igitur
521 2448 617 2498 mirum
636 2449 665 2498 in
682 2448 736 2496 hac
754 2450 893 2499 uarietate
907 2450 1044 2501 Romanos
1063 2467 1169 2516 qnoque
1183 2451 1249 2502 elim
1268 2467 1317 2502 ιιι-

171 2520 247 2566 ctoro
265 2516 380 2566 Romulo
405 2530 505 2565 annum
529 2530 607 2566 sumn
631 2515 726 2564 decem
749 2516 880 2567 habuisse
904 2519 1043 2568 mensibus
1068 2520 1239 2579 ordinatum,
1270 2521 1317 2585 qui

170 2599 258 2633 annus
277 2585 431 2649 incipiebat
450 2599 466 2632 a
479 2583 580 2633 Martio
600 2589 627 2632 et
646 2581 845 2633 conficiebatur
856 2585 955 2635 «liebus
972 2587 1105 2636 trecentis
1123 2593 1267 2651 (lusitane,
1286 2593 1317 2637 nt

170 2667 218 2701 ser
238 2652 345 2716 qnidam
364 2666 472 2700 menses
491 2650 518 2699 id
537 2655 580 2701 est
600 2650 701 2714 Aprilis
718 2651 812 2700 lunius
837 2652 950 2701 Sextilis
973 2655 1136 2718 September
1160 2655 1318 2705 Nouember

170 2719 326 2769 December
344 2721 479 2767 tricenam
499 2724 592 2767 essent
610 2717 727 2773 dierum,
753 2723 882 2781 quattuor
900 2736 966 2770 uero
983 2722 1101 2771 Martius
1120 2723 1211 2771 Maius
1230 2723 1316 2784 Quiu-

171 2786 228 2834 tilis
247 2786 369 2834 October
387 2785 501 2834 tricenis
520 2790 548 2833 ct
565 2783 682 2846 singulis
701 2786 907 2849 expedirentur:
928 2789 973 2852 qni
991 2789 1125 2852 hodieque
1145 2791 1316 2855 septimanas

170 2853 276 2902 habent
287 2868 374 2901 nonas
389 2853 475 2901 ceteri
488 2853 643 2915 quintanas.
666 2853 690 2899 4.
704 2853 874 2917 septimanas
889 2861 979 2905 auteur
993 2856 1158 2906 habentibus
1172 2858 1208 2906 ab
1222 2857 1316 2907 Idibus

171 2920 381 2969 reuertebautur
399 2919 541 2968 Kalendae
562 2918 597 2967 ad
615 2918 687 2968 diem
706 2921 850 2984 septimum
869 2922 1016 2984 decimum,
1036 2939 1130 2973 uerum
1148 2925 1316 2975 habentibus

171 2987 318 3051 quintanas
329 2985 363 3034 ad
374 2992 504 3034 octauum
515 2986 650 3035 decimum
662 2988 805 3036 remeabat
816 2989 922 3038 initium
932 2991 1127 3041 Kalendarum.
1146 2992 1171 3040 5.
1183 2992 1255 3042 haee
1265 2994 1317 3042 fuit

170 3052 279 3103 Romuli
298 3053 447 3107 ordinatio,
470 3055 514 3118 qni
532 3054 647 3119 primum
667 3055 733 3103 anni
751 3071 871 3105 mensem
890 3059 1008 3121 genitori
1027 3075 1075 3108 suo
1093 3059 1177 3108 Marti
1196 3060 1315 3110 dicauit:

171 3135 250 3185 quem
267 3135 387 3169 mensem
406 3123 472 3170 suni
491 3121 605 3186 primum
623 3121 708 3170 fnisse
726 3123 770 3171 nel
790 3140 823 3172 ex
840 3124 892 3174 lroe
905 3129 1023 3177 maxime
1035 3127 1180 3192 probatur,
1196 3128 1268 3192 quod
1282 3128 1316 3178 ab

171 3190 230 3252 ipso
241 3188 373 3249 Quintilis
387 3189 496 3252 quintus
510 3193 552 3237 cst
570 3194 599 3236 et
613 3188 744 3254 deinceps
758 3207 805 3254 pro
823 3208 935 3242 numero
947 3194 1168 3244 nominabantur.
1196 3194 1221 3244 (i.
1236 3196 1316 3246 huius

172 3256 255 3303 ctiam
267 3255 353 3320 prima
366 3256 410 3304 dic
426 3256 516 3319 ignem
529 3271 628 3304 nouum
642 3257 744 3307 l'cstae
756 3260 811 3307 aris
822 3261 1023 3323 accendebant,
1036 3269 1065 3311 nt
1077 3263 1232 3326 incipiente
1246 3280 1317 3313 sano

171 3337 237 3371 cura
256 3323 345 3372 denuo
364 3320 494 3372 seruandi
512 3324 608 3372 nenati
626 3325 699 3388 ignis
720 3326 868 3390 inciperet:
893 3329 988 3378 eodum
1013 3343 1119 3393 qnoque
1139 3331 1315 3394 ingrediente

170 3405 263 3438 mense
282 3395 338 3438 tam
357 3390 385 3438 in
403 3390 482 3454 regia
501 3391 638 3454 enriisqne
663 3400 744 3456 atque
768 3395 907 3444 flaminum
926 3397 1050 3446 domibus
1073 3397 1186 3446 laureae
1205 3404 1316 3448 ueteres

171 3457 249 3505 nonis
268 3456 370 3505 laureis
389 3458 580 3507 mutabantur:
605 3459 700 3508 eodem
723 3476 829 3524 qrroque
853 3479 944 3512 meuse
966 3471 993 3513 et
1011 3465 1118 3530 publico
1139 3470 1167 3515 et
1185 3468 1316 3531 priuatim

171 3522 206 3571 ad
228 3523 336 3572 Annum
354 3525 508 3574 Perennem
531 3526 718 3576 sacrificatum
738 3529 809 3590 itnr,
835 3537 865 3579 nt
888 3547 992 3581 arinsre
1016 3549 1224 3597 perennareque
1244 3550 1315 3584 eom·

171 3590 249 3639 mode
268 3590 364 3640 liceat.
388 3591 412 3638 7.
427 3592 478 3641 boc
497 3608 588 3641 meuse
602 3595 744 3644 mercedes
758 3596 925 3647 crolnobant
937 3601 1077 3663 magistris
1091 3617 1159 3664 spiras
1172 3602 1316 3666 conpletas

171 3672 258 3706 annus
277 3657 372 3707 deberi
386 3659 462 3717 fecit,
483 3661 596 3708 comitia
610 3664 835 3726 auspicabantur,
855 3666 1009 3730 uectigalia
1021 3668 1161 3720 locabant.
1183 3677 1211 3718 ct
1230 3671 1317 3719 seniis

171 3740 272 3774 coenas
291 3724 468 3789 adponcbant
486 3734 637 3785 niatronae,
656 3735 687 3777 nt
705 3730 807 3779 domini
821 3733 1027 3783 Saturnalibus:
1048 3735 1113 3783 illae
1133 3742 1163 3784 ut
1181 3738 1318 3801 principio

171 3793 236 3840 anni
255 3791 290 3841 ad
307 3800 460 3857 promptum
479 3794 639 3858 obsequium
657 3797 759 3846 bonore
778 3813 873 3849 seruos
887 3802 1047 3855 incitarent.
1067 3803 1094 3851 bi
1115 3804 1178 3867 qnia
1197 3806 1317 3865 gratiam

170 3860 288 3924 perfecti
307 3861 398 3923 operis
417 3859 585 3910 exoluerent.
615 3864 641 3912 8.
655 3863 808 3916 Secundum
828 3883 947 3918 mensem
967 3871 1269 3935 norninanitAprilom,
1289 3878 1319 3921 nt

171 3926 279 4007 guidam
297 3933 404 3992 putant,
425 3942 486 3976 cum
506 3930 674 3993 aspiratione
698 3934 776 3995 ‹prrasi
794 3935 933 4000 Aphrilem
959 3953 975 3986 a
999 3953 1095 4003 spuma
1114 3952 1196 4002 qnam
1216 3940 1318 3989 Graeci

170 3987 267 4060 αφρόν
285 4000 386 4044 nocant
404 3993 474 4042 unde
494 4001 555 4045 orta
568 3997 660 4046 Venus
674 3999 802 4050 creditur.
834 4009 863 4051 et
880 4003 951 4053 bane
967 4005 1073 4054 llomnli
1087 4006 1219 4055 adserunt
1232 4008 1317 4056 larissa

171 4065 314 4123 rationem,
333 4069 364 4111 ut
382 4061 498 4126 primum
522 4063 631 4126 quidem
649 4082 770 4116 mensem
795 4085 811 4116 a
834 4077 912 4134 patre
936 4088 985 4121 sno
1004 4074 1093 4121 Marte
1113 4075 1262 4123 secundnm
1282 4076 1316 4124 ab

170 4131 282 4179 Aeneae
301 4133 390 4179 matre
409 4129 516 4177 Venere
535 4132 704 4194 nominaret,
730 4141 758 4183 et
780 4135 808 4183 bi
827 4139 998 4200 potissimum
1018 4142 1083 4189 anni
1103 4142 1243 4206 principia
1262 4158 1316 4191 ser·

170 4202 269 4246 uarent
294 4211 310 4246 a
334 4197 430 4260 quibus
449 4203 524 4245 esset
543 4197 659 4249 llornuni
678 4203 795 4250 nominis
814 4206 904 4268 origo,
931 4223 991 4257 cnm
1015 4207 1151 4271 hodieque
1176 4210 1204 4257 in
1228 4211 1316 4259 sacris

170 4263 288 4314 Martem
306 4270 411 4328 patrem
430 4264 564 4313 Venerem
583 4267 747 4330 genitricem
765 4284 902 4320 nocemus.
932 4273 957 4322 n.
978 4275 1027 4324 alii
1051 4283 1149 4341 pntunt
1173 4276 1316 4327 Romulum

171 4329 216 4376 nel
235 4330 332 4380 altiore
351 4330 497 4396 prudentia
516 4331 559 4380 nel
580 4335 648 4382 certi
667 4335 787 4384 numinis
799 4340 975 4402 prouidentia
994 4343 1033 4391 ita
1051 4343 1153 4407 primos
1172 4344 1316 4395 ordinasse
