2964 5002
683 384 724 425 us
749 383 864 425 rearis
1304 364 1343 425 55

190 532 324 598 Mantua
347 554 417 596 non
439 530 569 617 procul.
611 552 796 617 praegnans
816 551 853 593 eo
875 539 977 594 mater
1000 531 1190 611 somniauit,
1213 532 1343 617 enixam

190 658 225 697 se
245 634 399 705 laureum
422 655 569 713 ramum,
590 654 685 719 quem
713 641 862 695 contacta
881 641 968 695 terra
994 630 1155 694 coaluisse
1178 640 1210 694 et
1233 653 1343 695 excre-

190 738 278 799 uisse
296 730 383 798 ilico'
398 735 463 818 (in)
482 735 624 819 speciem
640 745 787 797 maturae
803 732 930 796 arboris
947 733 1152 818 refertaeque
1169 733 1271 794 trariis
1287 744 1371 819 po?

192 839 254 900 mis
277 846 310 899 et
329 835 486 916 floribus,
508 857 546 898 ac
563 836 708 921 sequenti
732 835 804 898 luce
820 856 893 898 cum
911 837 1028 897 marito
1049 857 1105 897 rus
1126 835 1344 921 propinquum

173 950 309 1025 spetens
334 960 378 1000 cx
400 923 516 1001 itinere
537 926 677 1001 deuertit
700 946 797 1020 atque
820 938 854 999 in
877 935 1023 999 subiecta
1044 936 1133 999 fossa
1147 946 1243 1020 partu
1265 934 1344 997 leui·
1359 976 1370 1005 ,-

192 1052 247 1102 ata
274 1049 337 1102 est.
381 1039 492 1102 ierunt
520 1037 678 1101 infantem
707 1059 781 1101 cum
806 1038 848 1100 sit
876 1037 983 1100 editus
1013 1059 1122 1123 neque,
1152 1037 1283 1120 uagisse
1312 1045 1343 1098 et

194 1138 277 1204 adeo
301 1140 375 1204 miti
403 1138 498 1203 uultu
528 1139 646 1222 fuisse,
676 1148 712 1202 ut
738 1138 825 1202 haud
855 1138 988 1202 dubiam
1013 1160 1104 1224 spem
1127 1137 1342 1225 prosperioris

135 1290 171 1299 .,
193 1243 367 1326 geniturae
389 1242 454 1304 iam
472 1251 541 1305 tum
565 1241 668 1305 daret.
709 1239 848 1304 accessit
868 1239 958 1302 aliud
979 1242 1203 1326 praesagium:
1225 1239 1253 1323 si
1274 1238 1342 1322 qui-

195 1344 268 1406 dem
290 1344 387 1427 uirga
407 1342 550 1429 populea
568 1365 656 1406 more
677 1341 820 1426 regionis
843 1342 876 1404 in
898 1342 1080 1426 puerperiis
1102 1341 1212 1404 eodem
1234 1340 1344 1403 statim

165 1443 265 1507 nloeo
285 1445 423 1530 depacta
446 1447 495 1507 ita
516 1444 609 1508 breui
631 1443 753 1507 eualuit
782 1452 943 1528 tempore,
976 1452 1012 1505 ut
1033 1441 1133 1505 multo
1156 1450 1232 1521 ante
1255 1450 1343 1503 satas

135 1579 152 1587 -
195 1544 333 1632 populos
349 1545 618 1632 adaequauissct,
640 1566 722 1632 quae
744 1544 843 1607 arbor
864 1543 1002 1628 Vergilii
1024 1559 1066 1606 cx
1085 1544 1225 1607 codicia
1245 1550 1342 1627 atquc

196 1647 293 1709 etiam
314 1655 507 1710 consecrata
525 1655 574 1708 est
593 1667 719 1708 summa
737 1645 948 1729 grauidarum
965 1667 1003 1708 ac
1023 1644 1162 1721 fetarum
1184 1644 1342 1727 religione

196 1760 228 1810 ct
254 1748 508 1834 suscipientium
530 1746 575 1810 ibi
601 1755 633 1809 et
656 1746 853 1810 soluentium
877 1756 963 1809 elota.
1008 1747 1101 1810 initia
1124 1746 1240 1809 aetatis
1264 1742 1342 1808 Cre-

196 1869 310 1910 monae
329 1849 397 1931 egit
412 1848 573 1933 usquead
590 1847 717 1932 uirilem
732 1856 856 1930 togam,
874 1869 971 1934 quam
987 1847 1053 1952 KV
1064 1870 1149 1910 antro
1159 1845 1270 1923 xnatali
1283 1866 1341 1909 suo

166 1951 323 2035 reaccepit
339 1948 446 2013 isdem
463 1947 530 2011 illis
543 1947 730 2013 consulibus
745 1952 860 2013 iterum
874 1948 1001 2013 (luobus
1013 1951 1132 2035 quibus
1150 1957 1220 2013 erat
1235 1957 1341 2027 natus,

197 2034 370 2136 eucniique
381 2058 418 2113 ut
428 2073 467 2114 eo
477 2050 609 2136 ipsodie
619 2049 790 2143 Lueretius
801 2059 897 2137 poeta
906 2049 1087 2114 decederet.
1102 2051 1174 2136 [sed
1182 2049 1341 2137 Virgilius

197 2153 228 2234 a]
246 2150 410 2216 Cremona
430 2151 652 2216 Mediolanum
671 2139 702 2214 et
717 2151 793 2216 inde
813 2151 911 2238 paulo
930 2134 1003 2238 post
1019 2153 1150 2216 transiit
1164 2152 1197 2214 in
1215 2150 1340 2216 urbem.

206 2327 401 2336 —.-—-—

281 2457 290 2506 1
311 2464 486 2523 praegnans
504 2462 539 2502 eo
556 2465 586 2514 ς.·
604 2416 825 2522 praegnanselus
843 2444 986 2519 (cupreae.
1003 2448 1052 2502 alt.
1072 2449 1120 2520 m.)
1140 2419 1174 2522 ei»
1189 2447 1276 2514 (eurr.
1292 2429 1340 2502 ult.

198 2539 242 2602 m.)
255 2534 281 2588 R
292 2549 468 2608 praegnans
481 2548 546 2586 cum
563 2532 589 2585 B
603 2525 616 2609 Η
632 2528 791 2585 somniauit
800 2530 883 2587 Maia
897 2552 914 2599 ς
928 2525 941 2610 Η
956 2539 972 2589 ⁸2
986 2539 1126 2588 contacta
1140 2553 1171 2598 ς.·
1185 2538 1341 2586 contracta

199 2619 248 2673 BR
271 2613 276 2697 Η
293 2611 462 2691 coaluisse]
482 2610 639 2672 confestim
653 2623 788 2671 cerneret
803 2615 951 2671 coaluisse
965 2637 982 2683 ς
997 2610 1009 2694 ΗΗ
1025 2625 1041 2674 3
1058 2615 1173 2672 ἰΠίοοΒ
1187 2636 1203 2682 ς
1218 2610 1230 2692 Η
1247 2614 1274 2669 in
1286 2634 1339 2669 orn.

198 2704 248 2758 BR
272 2702 277 2779 Η
294 2700 428 2758 refertae
442 2713 460 2766 ς
473 2697 486 2776 Η
503 2709 676 2777 *sequente
691 2701 716 2754 B
730 2693 743 2778 Η
759 2711 774 2758 5
788 2691 908 2756 dinertit
923 2721 939 2767 ς
954 2694 966 2778 Η
984 2699 1097 2757 letriata
1111 2702 1164 2756 BR
1181 2699 1283 2755 leuata
1297 2720 1313 2766 ς
1326 2694 1337 2776 Η

196 2796 289 2847 ticum
302 2789 421 2855 scripsi:
439 2792 470 2840 ut
488 2786 559 2852 ang
572 2780 585 2864 Η
601 2793 633 2840 ut
644 2784 701 2840 suit
714 2782 812 2840 editus
825 2806 842 2852 ς
856 2777 869 2863 Η
885 2804 941 2841 nec
956 2784 1077 2857 uagissc
1096 2806 1112 2853 ς
1126 2780 1139 2864 Η
1154 2793 1171 2845 8
1183 2779 1283 2858 daret]
1296 2784 1339 2840 in·

115 2868 118 2873 '
196 2871 311 2927 dicaret
325 2891 343 2936 ς
357 2862 369 2948 Η
385 2869 519 2925 accessit
530 2873 573 2925 eei
584 2868 713 2926 accessit
727 2877 756 2923 et
769 2871 927 2925 Gronovius
938 2873 1010 2924 corti.
1025 2872 1101 2925 Soet.
1116 2873 1205 2926 Galba
1218 2870 1280 2924 ⁴l'll
1288 2893 1297 2924 .·
1310 2877 1340 2925 et

197 2954 325 3012 accessit
339 2949 433 3031 Bligll
447 2963 478 3011 10
491 2953 604 3010 eualuit
615 2956 667 3010 BR
681 2953 793 3010 coaluit
808 2953 990 3020 georrualuit
1003 2957 1162 3011 Gronovius
1172 2958 1243 3011 conl.
1262 2954 1339 3009 Srrct.

197 3043 291 3097 neren
305 3045 343 3095 a?
358 3034 370 3116 Η
390 3047 415 3098 ΙΙ
433 3036 616 3116 adaequauit
630 3058 647 3107 ς
660 3032 673 3117 Η
692 3039 823 3098 {tetiam
836 3058 888 3094 orn
908 3058 924 3105 ς
939 3036 951 3116 Η
967 3035 1017 3115 ae]
1035 3047 1065 3094 et
1078 3059 1094 3106 ς
1109 3034 1122 3118 Η
1139 3049 1171 3100 13
1187 3048 1216 3095 et
1228 3057 1280 3095 orn.
1297 3032 1338 3114 ςΗ

196 3124 278 3181 initia
294 3125 404 3180 aetatis
429 3121 460 3179 id
480 3134 526 3180 est
544 3143 637 3201 usque
657 3123 695 3180 ad
707 3123 867 3198 septimum
888 3142 998 3179 amunn
1022 3125 1192 3180 (Fremanae
1207 3124 1283 3198 egit:
1311 3129 1341 3179 et

197 3209 288 3268 xt'll
300 3228 381 3265 arnm
395 3207 625 3282 uirilemtogam
645 3208 725 3284 cepit
736 3206 794 3263 illis
815 3206 988 3263 ‹·onsulilms
1006 3207 1113 3264 iterum
1129 3206 1237 3286 quibus
1250 3217 1339 3264 natus

197 3304 285 3362 cratg
299 3287 309 3370 Η
324 3291 540 3350 clncmonaeR
557 3286 570 3373 Η
589 3293 685 3352 mxv
697 3295 816 3363 scripsi:
827 3292 920 3350 XVII
934 3295 1005 3359 1th
1020 3285 1032 3371 Η
1051 3291 1184 3352 15ἰεάθηι
1194 3295 1219 3349 R
1231 3291 1339 3349 iisdem

197 3380 241 3446 135
260 3440 264 3449 ,
282 3385 314 3439 16
325 3375 501 3435 diseederet
513 3397 530 3445 ς
543 3370 556 3457 Η
573 3376 626 3434 sed
637 3375 779 3452 Virgilius
793 3355 926 3433 aseclnsi
938 3375 941 3454 Η
964 3398 981 3434 a
993 3396 1046 3433 om.
1061 3398 1078 3445 ς
1090 3373 1103 3456 Η
1117 3376 1278 3434 chremona
1289 3379 1315 3433 R
1326 3371 1337 3454 Η

198 3469 226 3523 tt
245 3461 337 3540 paulo
355 3472 424 3539 posu
439 3461 558 3519 transiit
579 3460 701 3536 (transit
718 3461 760 3536 B)
784 3461 814 3518 iu
834 3459 953 3537 urbem]
977 3461 1066 3538 paulo
1087 3471 1155 3539 post
1178 3461 1341 3537 Neapolim
1391 3459 1393 3464 '

196 3547 323 3604 transiit.
364 3547 415 3603 ubi
439 3565 506 3602 eum
527 3545 622 3603 literis
650 3554 680 3602 et
704 3545 831 3603 Graecis
851 3554 881 3602 et
902 3546 1019 3602 Latinis
1041 3546 1339 3604 uehementissimum

196 3651 320 3709 operam
336 3631 487 3702 dedisset,
503 3630 626 3687 tandem
642 3631 721 3686 eumn
740 3650 811 3687 cura
827 3630 967 3707 ‹rtrmiqne
983 3629 1082 3687 studio
1099 3631 1221 3688 indulsit
1243 3629 1338 3687 medi·

196 3718 282 3773 cinae
296 3723 328 3773 et
340 3715 585 3773 mathematicae.
605 3714 712 3792 qtribus
729 3714 819 3771 relius
833 3736 897 3771 cum
919 3725 989 3771 ante
1007 3715 1081 3772 alios
1100 3717 1245 3774 eruditior
1261 3715 1339 3792 peri-

195 3802 313 3878 tiorque
332 3810 424 3868 esset,
440 3818 473 3856 se
486 3800 515 3856 in
530 3798 634 3855 urbem
653 3798 778 3855 eorrtnlit
794 3800 955 3876 statimque
969 3802 1102 3874 ningistri
1119 3801 1230 3858 stabuli
1246 3820 1337 3878 etpro-

195 3904 259 3943 rum
276 3885 409 3959 Augusti
426 3884 588 3940 amicitiam
605 3892 712 3940 nactus
730 3882 839 3940 multos
856 3885 1015 3962 uariosque
1034 3884 1152 3941 morbos
1169 3885 1339 3943 incidentes

195 3969 282 4047 equis
295 3969 424 4026 curauit.
456 3979 485 4025 at
499 3969 551 4025 ille
564 3969 593 4025 in
605 3967 775 4025 mercedem
790 3969 916 4043 singulis
932 3968 1038 4025 dielms
1055 3990 1148 4047 panes
1166 3970 1291 4045 Virgilio
1307 3979 1339 4026 ut

194 4056 244 4112 uni
257 4073 294 4111 ex
312 4052 487 4111 stabulariis
501 4053 565 4110 dari
578 4054 670 4110 iussit.
692 4052 808 4110 interea
824 4075 841 4110 a
854 4054 1036 4110 Vrotmriatis
1050 4054 1149 4130 pullus
1162 4055 1230 4131 equi
1244 4054 1338 4110 mirae.

193 4136 428 4218 pulchritudinis
446 4136 570 4195 Caesari
589 4136 666 4193 dono
684 4138 737 4194 fuit
756 4139 877 4195 missus:
911 4139 961 4216 qni
979 4141 1109 4195 mimium
1125 4138 1235 4195 indicio
1253 4157 1337 4212 spem

194 4221 398 4301 portendebat
418 4223 537 4279 uirtutis
557 4235 584 4278 et
602 4221 765 4278 celeritatis
782 4223 946 4279 inmensae.
974 4222 1051 4279 lrunc
1065 4242 1130 4278 cnm
1147 4221 1339 4297 adspexisset

193 4309 278 4366 Maro
303 4307 452 4382 magistro
476 4306 587 4363 stalurli
609 4305 684 4362 dixit
706 4316 807 4363 natum
833 4327 900 4364 essa
923 4327 959 4364 ex
977 4306 1115 4364 inorbosa
1137 4324 1214 4381 equa
1234 4313 1263 4359 et
1280 4322 1337 4361 nec

193 4391 307 4451 uiribus
322 4392 487 4450 ualitmum
502 4411 559 4450 nec
576 4390 746 4450 celeritate:
774 4389 865 4471 idque
882 4410 986 4448 uerum
1003 4392 1096 4448 inisse
1109 4390 1263 4447 inuentum
1282 4396 1336 4446 cst.
