2964 5002
166 389 225 459 178
361 410 596 458 svrrnnunnrs
618 408 706 450 sisar
728 408 771 450 nc
792 407 881 450 snae
903 402 1108 449 nousnonvrs
1179 444 1184 454 ,

163 580 268 616 rursum
287 565 346 613 eins
365 566 479 612 mortem
497 562 544 625 qui
568 559 756 624 longissimam
784 564 905 608 aetatem
927 557 1034 622 egisset
1055 555 1137 605 linem
1162 570 1223 605 esse
1248 570 1310 605 sae·

165 633 219 684 culi
238 631 359 681 secundi.
396 630 436 678 sic
459 629 589 692 deinceps
612 635 719 692 tempus
743 626 907 691 reliquorum
930 624 1083 673 terminari.
1119 623 1168 671 sed
1186 639 1221 672 eu
1240 623 1312 688 qnod

164 702 325 765 ignorarent
342 696 473 758 henricos,
492 699 620 761 portenta
638 694 709 743 mitti
726 693 857 743 diuinitus
876 691 973 757 quibus
987 691 1199 741 admonerentur
1215 706 1310 739 unum·

165 768 288 833 quodque
306 765 446 814 saeculum
464 779 525 813 esse
544 762 658 812 finitum.
688 762 713 810 u.
731 760 802 811 haec
819 765 948 826 portenta
965 759 1075 809 Etmsci
1093 773 1141 823 pre
1159 758 1311 823 lraruspicii

164 834 382 899 disciplinaeque
405 846 472 881 suae
496 831 598 895 peritis
626 829 773 894 diligenter
796 829 945 879 obseruata
974 827 1003 875 iu
1032 826 1118 877 libros
1148 825 1309 876 retulerunt.

56 896 60 905 ’
82 939 85 944 ι
164 918 247 968 quare
267 902 296 950 in
313 899 411 948 'luscis
429 898 564 959 historiis,
589 913 659 962 quae
683 902 783 947 octauo
802 912 894 946 eorum
911 893 1023 945 saeculo
1042 894 1163 958 scriptae
1182 898 1258 954 sunt,
1280 898 1312 943 ut

163 972 251 1020 Varro
270 972 397 1027 testatur,
415 971 444 1015 et
462 971 528 1030 quot
543 980 656 1015 numere
673 962 787 1014 saecula
805 964 832 1015 ei
850 963 927 1029 genti
945 962 1013 1011 data
1030 962 1087 1011 sint
1111 967 1139 1011 st
1156 964 1312 1011 transacto·

164 1054 223 1087 rum
240 1036 350 1100 singula
369 1040 472 1098 quanta
491 1033 593 1082 inerint
611 1032 744 1097 quibnsue
758 1032 874 1081 ostentis
887 1044 981 1080 eorum
994 1030 1084 1079 exitus
1097 1029 1237 1093 designati
1255 1030 1312 1077 sint

74 1156 81 1167 ,
165 1105 328 1156 continetur.
363 1102 458 1167 itaque
481 1101 613 1165 scriptum
631 1105 675 1150 ost
692 1104 821 1164 quattuor
838 1098 927 1163 prima
945 1095 1060 1147 saccula
1074 1110 1206 1147 annorum
1225 1096 1311 1147 fuisse

166 1179 325 1231 centenum,
351 1170 472 1233 quintum
497 1174 606 1218 eentum
627 1167 729 1233 uiginti
751 1166 847 1227 trium,
871 1171 977 1215 sextum
1000 1163 1176 1229 undeuiginti
1199 1169 1227 1213 ct
1246 1179 1311 1213 cen·

165 1245 235 1302 tum,
265 1237 413 1302 septimum
436 1235 564 1298 tetidem,
594 1242 724 1285 octenmn
747 1239 805 1301 turn
828 1233 936 1283 demum
959 1233 1021 1297 agi,
1050 1247 1151 1282 neniam
1181 1237 1210 1282 et
1235 1231 1311 1281 deci·

165 1323 237 1357 nunu
255 1319 415 1369 superesse,
439 1303 538 1369 quibus
559 1303 712 1352 transactis
730 1301 812 1353 finem
836 1301 893 1353 sore
915 1300 1033 1350 ιιοιιιίιιίι
1051 1299 1171 1349 Etrusci.
1207 1299 1233 1348 7.
1259 1300 1311 1349 uo·

166 1389 306 1424 manorum
330 1378 421 1420 autern
444 1371 558 1421 saccula
585 1369 696 1434 quidem
720 1369 791 1419 ludis
816 1366 1007 1419 saecularibus
1036 1371 1135 1433 putant
1162 1365 1312 1431 distingui5

167 1442 212 1492 cni
234 1440 275 1491 rei
298 1439 365 1489 tides
388 1439 412 1489 si
435 1444 512 1488 certa
535 1444 590 1497 est,
616 1437 710 1487 modus
733 1436 851 1487 Romani
874 1435 980 1487 sacculi
1003 1440 1046 1485 est
1069 1435 1202 1485 incertus.
1244 1442 1311 1484 tein-

165 1524 260 1575 porum
278 1507 350 1556 enim
362 1504 520 1566 interualla,
539 1504 637 1570 quibus
649 1503 705 1553 ludi
717 1503 765 1552 isti
778 1504 899 1554 debeant
916 1501 1024 1563 referri,
1041 1517 1097 1553 non
1113 1501 1193 1551 modo
1207 1507 1312 1567 quanto

166 1577 268 1627 luerint
285 1580 358 1624 retro
376 1573 519 1637 ignoratur
534 1572 583 1621 scd
599 1586 633 1620 ne
646 1578 750 1635 quanta
763 1570 872 1637 quidem
885 1586 945 1621 esse
957 1569 1079 1620 debeant
1090 1570 1185 1620 scitur.
1207 1570 1234 1619 8.
1248 1584 1312 1619 nam

167 1646 208 1694 ita
229 1643 383 1692 institutum
405 1654 466 1707 csse
489 1644 520 1688 ut
542 1639 691 1688 centesimo
714 1653 821 1703 quoque
845 1653 918 1689 anuo
936 1637 1049 1700 fierent,
1072 1637 1101 1687 id
1124 1653 1187 1687 oum
1214 1638 1312 1689 Antius

168 1710 269 1774 aliique
288 1707 413 1756 historici
433 1713 560 1756 auctores
579 1709 654 1767 sunt,
679 1711 737 1756 tum
755 1706 842 1756 Varro
861 1705 894 1756 do
913 1705 1051 1756 scaenicis
1069 1705 1223 1770 originibus
1242 1704 1312 1754 libro

167 1779 254 1843 primo
271 1776 312 1824 ita
330 1775 462 1838 scriptum
479 1772 603 1837 reliquit:
627 1772 695 1822 Cum
719 1773 804 1823 multa
822 1778 951 1839 portenta
975 1772 1084 1833 fierent,
1111 1778 1139 1822 st
1161 1788 1256 1823 murus
1278 1787 1311 1822 sc

166 1846 258 1906 cirris,
279 1857 349 1907 quae
372 1845 435 1890 sunt
456 1840 528 1890 inter
545 1844 651 1905 portam
669 1839 804 1890 Collinam
826 1847 856 1891 et
872 1841 1058 1906 Esquilinam,
1083 1840 1117 1890 de
1135 1840 1216 1890 eaelo
1235 1846 1311 1891 tacta

136 1934 142 1945 ·
168 1916 269 1973 essent,
290 1913 318 1958 et
334 1907 396 1958 ideo
414 1907 498 1958 libros
517 1905 667 1972 Sibyllinos
684 1908 734 1958 XV
752 1909 805 1958 uiri
817 1906 960 1971 adissent,
983 1907 1177 1959 renuntiarunt
1193 1908 1235 1957 uti
1253 1907 1312 1957 Diti

167 1977 239 2046 putri
257 1982 286 2026 et
302 1975 485 2040 Proserpinae
503 1974 560 2024 ludi
572 1974 716 2025 Tarentini
728 1975 757 2026 in
773 1990 871 2041 campo
882 1977 985 2026 Martio
1003 1974 1101 2025 fierent
1118 1975 1207 2025 tribus
1224 1976 1311 2025 nocti·

168 2047 226 2106 bus,
247 2049 275 2094 et
292 2043 399 2093 hostiae
418 2043 516 2092 lursrae
535 2041 749 2105 immolarentur,
768 2044 864 2108 utique
876 2043 934 2093 ludi
947 2042 1099 2094 centesimo
1112 2058 1221 2108 qnoque
1241 2058 1311 2092 aisne

167 2114 273 2163 tierent.
296 2109 322 2159 ll.
335 2112 402 2160 item
419 2109 452 2159 Τ.
465 2110 564 2161 Liuius
581 2109 653 2159 libro
672 2110 823 2161 CXXXVI:
842 2110 947 2161 Eodem
964 2126 1037 2161 anuo
1055 2110 1134 2161 ludos
1151 2111 1312 2161 saeculares

166 2181 272 2230 Caesar
288 2178 396 2243 ingenti
415 2176 553 2243 adparatu
570 2177 651 2239 lecit,
677 2179 917 2244 quoveeutesime
941 2193 1048 2243 quoque
1066 2192 1138 2228 anuo
1152 2179 1222 2228 -is
1239 2179 1311 2228 enirn

167 2248 300 2297 terminus
312 2245 462 2296 saeculi-
474 2244 533 2295 lieri
545 2260 611 2294 mos.
630 2259 646 2289 ι
665 2260 681 2290 ι
692 2251 723 2296 ut
735 2251 832 2295 contra
844 2246 952 2297 decimo
965 2246 1170 2311 centesimoque
1185 2262 1259 2296 anno
1270 2260 1310 2295 re·

166 2319 296 2380 petantur
309 2319 365 2362 tam
379 2313 569 2362 commentarii
581 2314 631 2364 XV
643 2315 763 2364 uirorum
776 2329 857 2379 quarn
870 2315 903 2363 1,).
917 2314 1035 2379 Augusti
1048 2313 1141 2363 edicta
1154 2315 1255 2364 testari
1272 2314 1311 2362 ui·

167 2383 275 2443 dentur,
295 2381 364 2430 adeo
376 2385 408 2429 ut
419 2380 553 2431 Horatius
566 2380 685 2432 Flaccus
698 2382 726 2430 in
739 2381 861 2431 camnine
874 2380 947 2446 quod
958 2380 1149 2431 saecularibus
1161 2380 1234 2430 ludis
1248 2394 1311 2431 cau·

168 2454 257 2499 tatum
276 2454 319 2498 est
337 2447 365 2497 id
382 2453 490 2512 tempus
509 2447 561 2497 hoc
579 2450 658 2500 modo
670 2449 881 2513 ,designausritr
901 2448 1000 2498 Certus
1017 2448 1141 2498 undenos
1155 2448 1252 2499 decies
1265 2464 1313 2514 por

168 2532 255 2566 annos
272 2515 355 2566 Orbis
373 2519 404 2564 ut
421 2521 520 2565 cantus
536 2516 695 2582 referatque
713 2515 792 2566 ludos
810 2516 865 2565 'l'er
883 2515 928 2565 die
950 2516 1028 2566 clara
1051 2517 1208 2581 totiensque
1233 2522 1312 2582 grata

167 2586 255 2634 Nocte
274 2584 440 2648 frequentes.
474 2581 513 2630 lu.
528 2597 598 2646 quae
618 2583 754 2634 dissensio
767 2588 933 2648 temporum,
954 2584 978 2633 si
989 2589 1115 2634 ueterum
1133 2584 1313 2634 reuoluantnr

168 2651 294 2713 currales,
311 2650 393 2714 longe
411 2649 499 2713 magis
520 2650 549 2698 in
572 2652 678 2701 incerto
703 2652 868 2701 inuenietur.
904 2651 1006 2716 primos
1027 2652 1098 2700 eninr
1119 2651 1197 2701 ludos
1215 2667 1311 2701 saecu·

167 2719 240 2768 lares
265 2718 372 2767 exactis
393 2716 504 2781 regibus
526 2724 589 2782 post
611 2719 725 2769 Romam
749 2719 889 2768 conditam
912 2719 991 2768 antris
1015 2718 1136 2769 cchv
1160 2734 1177 2768 a
1201 2719 1312 2769 Valerio

167 2785 312 2836 Publicola
346 2783 487 2833 institutos
522 2800 583 2834 esse
611 2799 627 2829 ιι
646 2800 662 2830 ιι
680 2785 716 2836 ad
744 2787 794 2835 XV
824 2787 942 2836 uirorum
972 2787 1203 2847 commentarios,
1240 2802 1311 2836 anno

168 2851 408 2903 CCLXXXXVlll
430 2851 468 2900 M.
488 2852 598 2904 Valerio
617 2854 715 2920 Spurio
734 2853 863 2919 Verginio
887 2853 963 2904 Coss.
982 2867 999 2897 ι
1016 2867 1031 2898 ιι
1049 2870 1120 2903 anno
1139 2861 1201 2919 post
1218 2856 1313 2905 urbem

168 2920 306 2969 conditam
325 2924 424 2968 octauo
443 2925 471 2967 et
489 2918 773 2986 quadringentesimo,
797 2926 827 2970 ut
849 2936 916 2971 uero
933 2921 961 2969 in
980 2923 1186 2972 commentariis
1205 2923 1255 2971 Xl'
1273 2921 1313 2971 ui·

166 3003 255 3037 rorum
274 2985 404 3050 scriptum
423 2990 465 3034 est
483 3002 556 3036 anno
574 2989 666 3039 CCCC
686 2995 714 3037 et
732 2988 838 3038 decimo
856 2990 893 3038 M.
912 2989 1023 3039 Valerio
1044 2989 1133 3039 Coruo
1152 2990 1180 3039 ll
1199 2990 1231 3038 0.
1245 2991 1312 3039 Poe·

165 3055 225 3103 tilio
249 3052 325 3102 Coss.
347 3053 425 3102 tertii
447 3052 504 3103 ludi
528 3054 640 3106 fuerunt
662 3056 775 3105 Antiate
799 3055 933 3120 Liuioque
957 3058 1116 3107 auctoribus
1139 3059 1169 3107 l‘.
1196 3057 1312 3107 Claudio

166 3120 284 3170 Pulclrre
297 3120 329 3169 L.
341 3117 421 3170 lunio
439 3120 519 3172 l'ulle
531 3122 608 3173 Coss.
627 3143 644 3174 ιι
661 3143 678 3173 ιι
690 3138 761 3174 auno
774 3124 1012 3187 quingentensime
1025 3124 1269 3174 duodeuicensime
1281 3124 1311 3174 Ρ.

167 3187 293 3237 Cornelio
311 3187 429 3237 Lentulo
448 3187 478 3236 C.
496 3189 605 3240 Licinio
621 3193 693 3241 Varo
712 3190 789 3241 Coss.
811 3190 849 3240 ll.
869 3191 903 3241 dc
922 3198 1080 3255 quartorum
1099 3192 1224 3241 ludorum
1241 3206 1312 3241 anno

166 3256 266 3320 triplex
284 3254 375 3319 opinio
393 3260 445 3304 est.
480 3257 578 3308 Antias
597 3260 670 3310 enim
694 3263 722 3308 et
739 3259 826 3309 Varro
850 3266 878 3307 et
895 3259 992 3309 Liuius
1016 3260 1119 3309 relatos
1142 3275 1204 3309 esse
1223 3259 1312 3324 prodi·

167 3322 265 3372 derunt
288 3323 319 3393 l..
339 3322 444 3372 Marcio
463 3322 614 3377 Censorino
638 3319 683 3376 Μ’.
706 3326 822 3375 Manilio
848 3325 924 3376 (loss.
949 3333 1011 3392 post
1033 3328 1147 3376 licinum
1170 3327 1312 3377 conditam

168 3405 240 3439 anno
258 3390 341 3438 llUV.
366 3394 396 3439 st
419 3390 483 3440 Piso
503 3391 650 3444 Censorius
669 3398 697 3443 et
716 3394 764 3443 Cn.
785 3392 905 3453 Gellius,
930 3395 979 3444 sed
1003 3399 1032 3444 et
1050 3394 1162 3444 Cassius
1180 3395 1311 3453 Hemina,

167 3457 213 3522 qui
230 3457 278 3506 illo
297 3461 419 3521 tempore
437 3458 560 3522 uiuebrrt,
579 3466 641 3526 post
660 3477 761 3510 anuruu
780 3460 870 3510 lactes
890 3462 1000 3511 tertium
1020 3461 1166 3512 adfirmant
1180 3462 1233 3512 Cn.
1247 3463 1312 3512 θοι·

167 3524 241 3573 nelio
257 3524 376 3574 Imntule
395 3526 427 3574 L.
446 3526 575 3577 Monunio
594 3529 716 3579 Achaico
739 3529 825 3588 Coss,
848 3528 877 3578 id
900 3535 944 3578 est
967 3545 1038 3579 anno
1061 3529 1187 3579 Dcvnl.
1211 3531 1240 3579 in
1264 3529 1313 3579 XV

166 3593 285 3641 uirorum
309 3597 401 3641 autem
424 3598 628 3646 commentariis
650 3601 782 3646 notantur
804 3597 854 3645 sub
880 3612 951 3647 surio
973 3596 1142 3647 DCXXl'lII
1164 3596 1202 3646 M.
1222 3597 1312 3647 Aemi·

166 3658 203 3708 lio
226 3659 332 3724 Lepido
356 3661 388 3709 L.
412 3660 524 3712 Aurelio
547 3666 645 3714 Oreste
670 3664 747 3714 Coss.
772 3664 880 3728 quintos
904 3664 982 3714 ludos
1006 3664 1036 3713 0.
1057 3665 1159 3713 Furnio
1184 3664 1214 3714 0.
1234 3665 1314 3716 lunio

167 3725 261 3775 Silano
290 3726 367 3776 Coss.
395 3742 467 3777 enno
496 3729 700 3781 DCCXXXVII
729 3731 834 3781 Caesar
860 3732 999 3797 Augustus
1028 3738 1057 3781 et
1083 3733 1208 3796 Agrippa
1237 3732 1313 3782 lece·

165 3799 237 3842 runt.
274 3801 366 3844 sextos
391 3801 483 3845 autern
506 3798 574 3847 fecit
596 3799 639 3848 Ti.
663 3798 795 3849 Claudius
818 3797 924 3849 Caesar
949 3814 978 3850 se
1001 3799 1057 3849 1111
1086 3804 1115 3848 et
1141 3801 1174 3848 L.
1198 3800 1314 3849 Vitellio

164 3860 209 3911 111
228 3860 304 3912 Coss.
325 3877 397 3911 auno
415 3863 522 3925 DCCC,
541 3867 672 3932 septimos
689 3867 865 3917 Domitianus
878 3881 908 3916 se
919 3867 1002 3917 Xllll
1015 3872 1043 3916 et
1060 3868 1093 3916 L.
1106 3868 1229 3917 Minucio
1240 3867 1315 3919 leuto

166 3927 242 3979 (loss.
262 3944 334 3978 suno
351 3928 581 3994 ccccxxxm,
605 3938 720 3984 octauos
742 3934 922 3998 imperatores
946 3934 1096 3998 Septimius
1119 3940 1147 3984 et
1170 3935 1207 3983 bl.
1226 3934 1313 3985 Aura·
1353 3974 1380 4005 „¹

165 3995 219 4046 lius
236 3996 390 4046 Antoninus
410 3997 506 4049 Cilone
525 4005 553 4049 et
570 4001 676 4051 Libone
695 4001 772 4052 Coss.
792 4016 864 4053 auno
883 4001 1089 4052 ltccccnvn.
1118 4001 1155 4050 12.
1169 4002 1235 4052 bine
1254 4001 1313 4052 ani·
1349 4004 1352 4011 '

168 4064 343 4113 maduertere
361 4064 429 4113 licet
445 4080 534 4130 neque
553 4074 616 4133 ptest
634 4073 743 4119 eentum
763 4084 848 4119 annos
865 4075 896 4119 ut
913 4068 941 4117 hi
960 4070 1116 4118 reserentur
1133 4069 1190 4119 ludi
1208 4076 1313 4119 statum

170 4146 231 4181 esse
248 4146 338 4195 neque
357 4136 421 4196 post
438 4140 549 4184 centurn
567 4136 672 4186 decem.
704 4152 816 4200 quorum
829 4137 939 4186 etiarnsi
953 4136 1114 4187 alterutrum
1126 4143 1200 4186 retro
1214 4138 1314 4187 luisset

168 4198 353 4260 obseruatum,
372 4214 426 4248 non
444 4206 537 4252 tamen
555 4203 625 4252 satis
642 4204 671 4253 id
689 4203 844 4269 argumenti
863 4209 938 4254 esset
956 4220 1008 4269 quo
1027 4203 1087 4269 quis
1105 4204 1148 4254 his
1166 4205 1238 4255 ludis
1251 4221 1313 4255 soe·

168 4265 233 4315 culo
250 4266 369 4317 discerni
388 4274 546 4319 constanter
564 4268 699 4332 adfirmet,
717 4271 881 4336 praesertim
900 4287 962 4322 cum
980 4272 1015 4321 ab
1028 4271 1103 4321 urbis
1115 4272 1264 4337 primordio
1277 4271 1313 4323 ad

168 4346 248 4395 reges
276 4338 402 4396 exactem
427 4350 514 4387 anrros
538 4336 705 4401 COXLIIlI,
730 4338 808 4389 ludos
827 4339 918 4389 factos
943 4354 1017 4399 csse,
1043 4344 1140 4389 auctor
1161 4339 1199 4389 sit
1222 4355 1313 4401 nemo,

166 4399 237 4461 qued
250 4403 357 4466 tempus
367 4402 460 4467 procul
470 4402 553 4454 dubie
565 4405 687 4455 naturali
696 4406 784 4456 msius
797 4411 840 4455 est
851 4404 973 4456 saeculo.
989 4405 1028 4456 13.
1039 4406 1137 4469 quodsi
1149 4407 1211 4472 quis
1223 4407 1314 4459 credit
