2964 5002
540 368 714 414 unauouvu
733 369 973 414 urrunnnurrse
1266 357 1329 423 289

272 530 522 581 ssurrruuuvu
550 524 584 581 et
607 523 831 600 ruarurvvu]
859 515 1015 602 Nigidius
1043 518 1077 582 in
1102 516 1186 583 libro
1213 530 1328 606 quarto

188 620 290 683 seuit:
307 619 551 705 ‘sempiternum
563 618 783 681 inmortalium
798 641 905 682 rerum
914 667 922 700 ,
940 628 1130 704 perpetuum
1141 618 1328 685 mortalium

186 728 252 801 est3
273 720 477 806 perpetuitas
497 722 584 784 enirn
607 722 640 783 in
663 727 775 783 nostra
797 728 915 783 natura
936 729 1002 801 est,
1023 742 1108 805 quae
1127 723 1254 807 perpeti
1276 743 1327 785 ac·

187 819 328 884 cidentia
346 826 466 904 potest,
489 821 732 905 sempiternitas
752 819 881 884 infinita
903 828 962 900 est,
983 842 1021 884 eo
1041 820 1128 907 quod
1145 831 1295 908 semper.’

167 944 180 985 ι
269 936 437 985 snnvuvsr
455 929 489 984 et
509 925 651 1002 sualvus]
680 917 813 984 sedulus
836 922 906 985 siue
933 920 1008 985 dolo
1032 930 1082 985 est
1110 931 1142 985 et
1163 932 1326 1007 strenuus,

188 1023 291 1085 serius
319 1022 415 1108 quasi
443 1043 579 1085 seuerus
606 1032 640 1085 et
666 1042 774 1106 asper.
823 1022 938 1102 [serias
965 1024 1061 1086 etiam
1096 1022 1202 1087 dictas
1228 1045 1280 1088 res
1306 1045 1328 1088 a

187 1122 335 1187 barbaris
357 1122 416 1208 qui
437 1119 536 1187 Seres
556 1119 772 1209 appellantur,
792 1122 965 1208 asperrimi
984 1133 1017 1186 et
1035 1124 1243 1208 {taeterrimi}

269 1238 504 1287 scaurusrvrs
524 1238 752 1287 scrumosus
775 1233 806 1287 et
829 1238 1032 1288 scansurus
1053 1224 1088 1289 id
1109 1224 1234 1289 differt:
1259 1248 1326 1291 see

189 1321 305 1388 lcrams
327 1333 380 1389 est
396 1346 457 1390 suo
478 1324 587 1411 aliquo
611 1323 734 1389 scelere
757 1325 996 1389 contaminatus
1018 1324 1071 1388 uel
1086 1324 1197 1411 aliqua
1217 1336 1327 1391 cours-

164 1426 280 1509 agione
298 1424 443 1513 pollutus
465 1433 498 1490 et
518 1425 669 1507 infamis3
692 1423 879 1511 (scelestus)
899 1435 1007 1489 autem
1025 1424 1182 1506 scelerum
1204 1429 1327 1511 eogita-

190 1536 236 1589 tor
255 1535 289 1590 et
303 1527 502 1610 conmissor3
534 1526 715 1591 scelerosus
735 1548 813 1590 uero
832 1527 927 1612 quasi
949 1512 1143 1604 insidiosus,
1165 1526 1326 1613 periculo·

193 1647 243 1693 sus
258 1637 392 1715 propter
409 1628 632 1693 assiduitatem
654 1617 824 1692 scelerum.

268 1743 394 1792 alueus
421 1738 455 1793 et
475 1733 626 1810 uacuus]
655 1729 711 1814 qui
739 1727 816 1793 silet
842 1727 964 1792 desinit
984 1727 1089 1816 loqui,
1107 1739 1196 1794 tacet
1216 1738 1334 1795 autern·

194 1829 240 1915 qui
260 1828 405 1895 nentium
426 1830 543 1917 coepit.

171 1949 190 1989 ιι
269 1944 444 2006 consequi
466 1946 614 2008 assuevi
642 1936 795 2014 russum]
815 1933 1044 2018 consequimur
1064 1932 1325 2021 praecedentem,

196 2030 390 2118 assequimur
413 2030 533 2115 studio,
557 2033 761 2118 insequimur
783 2032 962 2097 inimicum.

267 2217 471 2285 temptamus
490 2224 519 2269 et
535 2217 705 2286 perpetuum]
726 2221 761 2270 cf.
780 2220 794 2269 1
811 2201 875 2270 uuo':
896 2220 985 2270 ‘Inter
1003 2222 1199 2286 sempiternum
1218 2228 1248 2273 et
1264 2238 1325 2289 per-

195 2290 295 2349 petuum
315 2284 370 2337 lroe
391 2287 491 2349 distat,
515 2288 587 2353 quod
610 2288 816 2353 sempiternitas
844 2288 879 2338 erl
902 2288 981 2337 deum
999 2288 1135 2352 pertinet,
1153 2293 1325 2353 perpetuitas

195 2352 225 2401 acl
244 2352 359 2419 angelos
378 2354 425 2405 uel
450 2354 485 2404 ad
510 2357 617 2405 animas
642 2354 789 2405 hominum.
831 2356 945 2421 primum
969 2356 1042 2403 enirn
1065 2370 1173 2420 semper
1196 2357 1249 2420 fuit
1270 2373 1323 2407 nec

157 2444 163 2455 ·
194 2433 308 2540 pnqaatup
332 2436 395 2473 esse
423 2422 539 2485 desinit3
568 2423 684 2503 alterum
707 2438 769 2474 esse
798 2422 905 2487 coepit,
929 2422 978 2471 sed
1002 2436 1062 2470 esse
1084 2427 1245 2487 perpetuum
1269 2439 1324 2474 nou

209 2502 274 2539 sarm

265 2555 439 2607 Sceleratum
461 2557 629 2608 scelerosum
652 2563 680 2608 et
703 2553 859 2622 scelestum]
883 2555 906 2606 G
930 2572 956 2620 p.
979 2553 1014 2605 94
1031 2571 1057 2605 n.
1081 2553 1127 2605 ul:
1153 2554 1324 2607 ‘Sceleratus

192 2636 233 2673 suo
248 2624 355 2675 scelere
377 2624 424 2674 uel
448 2624 540 2674 alieno
559 2627 775 2686 contaminatus,
795 2625 928 2674 scelestus
945 2623 1080 2674 scelerum
1099 2624 1245 2687 cogitator,
1264 2640 1323 2675 sce·

192 2688 286 2741 lerosus
303 2693 385 2757 quasi
403 2692 565 2754 insidiosus,
593 2692 764 2758 periculosus
787 2692 831 2741 uol
855 2697 929 2741 totus
946 2692 1006 2742 dies
1024 2690 1070 2741 uel
1089 2692 1195 2741 unimus
1213 2700 1326 2757 propter

193 2757 370 2809 munitatem)
399 2760 426 2809 Η
443 2775 470 2825 p.
491 2760 535 2810 17:
555 2760 721 2811 ‘Sceleratus
739 2775 788 2810 suo
806 2760 851 2808 uel
871 2759 962 2810 alieno
975 2759 1020 2809 die
1033 2760 1245 2821 contaminatur,
1263 2774 1324 2809 sce·

191 2822 268 2876 leatus
285 2825 422 2877 scelernm
441 2829 586 2893 cogitator,
607 2828 761 2878 scelerosus
775 2827 853 2893 quasi
872 2826 1038 2879 insidiosus)
1052 2853 1084 2863 -
1103 2828 1116 2878 I
1135 2826 1197 2877 507:
1218 2826 1322 2876 ‘Gram-

190 2895 276 2943 uatiei
300 2894 397 2945 dicunt
418 2894 585 2945 sceleratum
606 2895 683 2945 illum
702 2911 762 2944 osse
785 2897 814 2944 in
832 2910 884 2959 quo
902 2895 933 2943 lit
951 2895 1055 2956 scelus3
1074 2901 1104 2945 ut
1122 2896 1236 2945 Cicero:
1255 2893 1278 2944 Ο
1295 2901 1324 2944 te

190 2960 329 3023 scelerate,
350 2961 396 3026 qui
412 2962 544 3012 subactus
567 2967 595 3013 et
617 2964 781 3027 prostitutus
804 2969 855 3011 est.
896 2961 1044 3012 scelestum
1064 2967 1156 3012 autem
1178 2977 1324 3027 perquem

189 3026 228 3089 Εἰς
248 3035 279 3079 ut
295 3028 459 3079 Terentius:
488 3028 626 3093 Scelesta,
651 3045 729 3079 ouem
752 3029 817 3095 lupo
841 3030 1010 3079 commisisti.
1046 3028 1199 3079 scelerosus
1217 3030 1264 3094 qui
1282 3030 1324 3079 sa·

189 3095 235 3157 eit3
251 3102 289 3146 ut
304 3095 405 3165 idernr·
420 3096 480 3163 Ego
502 3096 577 3147 illum
600 3097 766 3148 scelerosum
789 3097 889 3147 misera
911 3097 1009 3145 nolens
1031 3095 1142 3161 pertuli.
1181 3098 1230 3146 sed
1252 3097 1324 3146 haec

188 3167 309 3213 auctores
327 3178 382 3215 uon
400 3178 595 3230 usquequaque
618 3163 799 3214 custodiunt'
840 3165 967 3213 Donatus
986 3164 1101 3212 eunuch.
1120 3163 1223 3214 11113:
1250 3164 1322 3213 ‘Sce-

187 3226 287 3281 lerc'eus
304 3236 349 3281 est
365 3231 521 3294 multorum,
539 3231 673 3282 scelestus
691 3231 736 3281 uel
754 3232 842 3294 unius,
862 3230 1016 3281 scelerosus
1034 3231 1142 3296 proprie
1155 3237 1252 3281 auctor
1264 3247 1324 3282 sce-

188 3295 262 3360 leris,
281 3296 436 3349 sceleratus
454 3299 483 3348 in
502 3314 553 3364 quo
571 3299 662 3350 scelus
681 3301 718 3349 sit
736 3300 908 3349 commissum
926 3297 970 3348 uel
989 3296 1186 3347 constitutum)

264 3365 355 3417 Silere
380 3370 409 3416 et
430 3364 535 3433 tacere]
562 3366 586 3417 G
608 3384 635 3433 p.
659 3365 693 3417 94
715 3383 742 3416 ιι.
766 3367 811 3415 55:
842 3367 904 3429 ‘Qui
928 3365 1030 3415 desinit
1046 3365 1121 3429 loqui
1143 3364 1209 3415 silet
1231 3367 1324 3432 etqui

186 3445 235 3483 uon
252 3435 348 3500 eoepit
369 3433 465 3483 tacet’
490 3461 522 3469 -
557 3435 623 3499 Pp.
643 3433 705 3484 352:
737 3435 816 3483 ‘silet
839 3434 916 3483 euius
939 3432 1076 3497 loquentis
1099 3448 1189 3483 sermo
1208 3435 1323 3499 compri-

186 3501 263 3551 mitur
280 3501 317 3551 ab
334 3500 397 3567 ipsa
409 3500 614 3568 significatione
626 3501 737 3552 litterae
749 3502 781 3562 S,
802 3506 878 3551 tacet
891 3501 937 3564 qui
948 3516 984 3549 ne
996 3500 1071 3565 loqui
1084 3500 1193 3565 quidem
1211 3500 1323 3567 coepit'

264 3568 407 3634 Consequi
425 3569 536 3634 assequi
558 3570 675 3651 insequi]
700 3570 724 3619 G
747 3586 772 3634 p.
795 3568 829 3620 93
851 3585 878 3618 n.
902 3568 948 3617 57:
977 3567 1109 3617 ‘Amicum
1133 3569 1325 3633 consequimur

186 3634 409 3699 praecedentem,
434 3636 603 3702 insequimur
623 3635 784 3686 inimicum.¹
821 3636 847 3685 Η
865 3652 891 3700 p.
916 3636 945 3684 7:
976 3634 1187 3699 ‘Consequimur
1209 3651 1323 3700 praece-

186 3702 301 3766 dentem,
320 3705 492 3769 insequimur
508 3703 667 3756 inimicum)
704 3705 770 3769 Gp.
788 3702 822 3753 98
840 3719 866 3754 n.
887 3702 947 3753 132:
975 3703 1065 3752 ‘Inter
1084 3704 1216 3792 consequi
1234 3710 1262 3752 et
1281 3720 1324 3753 as-

186 3773 259 3837 sequi
280 3770 334 3821 lroc
351 3772 471 3821 interam
488 3771 559 3837 quod
582 3773 719 3837 sequimur
736 3771 865 3836 pedibus,
886 3771 1058 3835 assequimur
1075 3770 1174 3819 studio.
1221 3771 1323 3836 Agroe-

185 3838 234 3889 tius
251 3855 277 3905 p.
296 3838 364 3887 2272
383 3840 419 3889 P:
450 3837 664 3905 'Consequimur
682 3840 785 3900 studio,
811 3839 985 3903 obsequimur
1003 3836 1110 3899 officio,
1135 3840 1324 3903 persequimur

186 3904 289 3967 ieiuna,
307 3906 498 3974 prosequimur
515 3907 619 3969 ordine,
640 3908 811 3972 assequimur
828 3904 911 3956 uoto.'

264 4073 277 4124 1
302 4061 390 4120 lobro
409 4061 444 4118 M
456 4054 470 4141 ΙΙ
484 4064 581 4119 ateius
597 4064 664 4118 libri
681 4064 824 4118 intercidit
839 4055 853 4140 ΙΙ
867 4067 884 4121 6
896 4077 1022 4118 seuerus
1042 4060 1179 4117 Rotiius:
1217 4077 1323 4117 sensus

186 4144 216 4201 M
224 4144 238 4225 ΙΙ
252 4147 358 4225 iasper
372 4146 407 4203 M
418 4140 432 4227 ΙΙ
448 4144 768 4204 serias—austerrimi
785 4148 891 4201 seclusi
902 4138 916 4224 ΙΙ
931 4151 948 4204 9
964 4152 1066 4201 autem
1084 4154 1130 4203 est
1146 4145 1178 4200 M
1191 4139 1205 4223 Η
1220 4152 1323 4199 conta·

184 4232 272 4292 minat
284 4233 321 4290 M
331 4227 346 4313 ΙΙ
365 4241 399 4292 10
411 4228 545 4309 pellatur
559 4231 591 4288 M
604 4224 618 4312 ll
634 4229 782 4288 scelestus
797 4232 906 4285 audiuit
917 4230 1039 4286 Rothius
1052 4224 1066 4310 ΙΙ
1082 4247 1199 4287 sucrum
1217 4227 1249 4281 M
1262 4222 1275 4305 ΙΙ
1293 4236 1325 4286 13

184 4320 328 4429 desiuilM

207 4484 325 4521 srerosr
346 4479 415 4518 aar..
1077 4460 1115 4521 tt)
