2964 5002
168 368 232 432 toa
563 386 787 436 evnasnrouas
805 387 1034 430 svarourauar

176 541 299 618 Vergilio
315 543 378 598 acti
397 542 527 597 absolata
547 547 599 597 cst.
633 536 744 606 deinde
765 538 863 597 etiam¹
875 537 937 597 alin
954 538 1080 618 antiqua
1096 539 1245 598 memoria
1261 520 1311 596 ah·

167 661 240 701 usus
272 650 320 700 est
339 640 567 719 interpolator,
603 657 665 719 qua
695 639 942 699 narratiunculae
971 639 1042 700 illas
1072 641 1320 699 consarcinaret*

169 741 335 802 Suetonius
359 741 439 801 enim
459 742 491 801 in
512 742 577 800 rita
595 742 727 819 Augusti
749 759 775 802 1.
790 749 808 801 t
822 739 932 816 refert,
949 742 1120 800 ‘Antonium
1138 739 1311 820 despicien-

168 853 230 904 tem
253 843 345 903 etiam
364 842 687 921 maternam'Augusti
709 841 858 920 originem
879 840 1044 914 obiecime,
1071 861 1224 922 proavum
1246 843 1312 910 eius

168 943 486 1022 uuigorniensem
507 951 539 1003 et
557 943 647 1003 modo
670 944 903 1022 unguentariam
923 943 1083 1004 tabernam
1095 942 1195 1004 >modo
1210 944 1311 1023 pistri-

167 1036 240 1108 num
255 1046 381 1106 Ariciae
396 1045 582 1120 exercuisse.
616 1045 771 1122 Vergilius
786 1045 879 1123 igitur
891 1044 1118 1125 interpolatoris
1137 1065 1199 1105 nou
1215 1045 1312 1105 solum

168 1149 245 1208 mira
266 1147 436 1226 sagacitate
457 1145 613 1206 intellexit
635 1146 806 1224 Angustum
834 1146 955 1226 pistoria
980 1145 1076 1235 illium
1099 1165 1183 1220 esse,
1206 1165 1312 1206 verum

169 1250 261 1311 etiam
276 1268 359 1328 qnae
372 1257 427 1319 est,
434 1247 525 1307 huius
540 1248 660 1325 Vergili
678 1248 854 1321 sinceritas,
877 1246 1004 1308 Caesari
1019 1249 1128 1328 aperit.
1168 1263 1229 1307 nec
1248 1249 1311 1307 Au·

168 1360 274 1431 gustus
289 1348 372 1431 quod
388 1358 535 1428 expectes
551 1348 646 1408 talem
661 1348 857 1439 insolentiam
879 1369 973 1428 aegre
989 1349 1065 1423 fert;
1088 1351 1180 1409 immo
1198 1358 1235 1408 ut
1253 1348 1329 1408 iam·

168 1452 270 1513 serbis
291 1451 389 1531 inepti
411 1450 542 1511 hominis
561 1460 643 1524 uter,
660 1454 772 1524 placuit
792 1454 822 1509 et
830 1451 951 1528 facetia.
983 1452 1031 1509 ‘at
1049 1453 1199 1526 anaceps’
1221 1453 1313 1525 inquit

54 1620 55 1625 η
169 1556 278 1614 Caesar
300 1556 374 1611 ‘aaa
395 1572 414 1609 a
437 1557 548 1625 pistore
569 1556 621 1611 aad
646 1572 664 1609 a
684 1569 752 1626 repe
769 1558 951 1627 mannonimo
970 1555 1047 1612 dana
1059 1553 1156 1626 sercs’
1176 1555 1312 1625 illamque

81 1682 83 1687 >
164 1660 286 1730 plurima·
300 1656 414 1730 scateat
429 1653 553 1714 Pollioni
564 1657 779 1713 commendarit.

253 1753 371 1815 uadem
396 1754 473 1814 ratio
496 1754 681 1834 conspicitur
704 1756 737 1814 iu
767 1773 805 1814 ea
828 1753 1125 1815 narratiunculam
1150 1755 1311 1825 varietate,

167 1858 292 1940 quae-in
306 1855 399 1914 tinem
414 1858 496 1914 vitae
512 1856 652 1915 coniecta
666 1865 723 1916 est.
747 1856 935 1944 'incipiunta
951 1854 1060 1916 fraude
1075 1856 1153 1916 satis
1165 1875 1311 1917 memora·

167 1958 233 2019 hili.
268 1976 339 2016 nam
360 1943 429 2015 curn
447 1957 587 2016 Donatus
618 1957 651 2016 in
674 1957 738 2016 ‘fine
762 1957 878 2017 Asconi
900 1955 1032 2018 Pediani
1063 1957 1190 2030 librum,
1223 1975 1313 2038 quom

96 2080 99 2085 ·
168 2068 275 2120 contra
289 2056 508 2118 obtrectatores
523 2056 643 2136 Vergili
657 2059 796 2138 scripsit,
810 2068 1076 2119 commemorasset
1087 2060 1218 2139 eiusque
1232 2078 1310 2117 sum·

167 2180 247 2220 mam
266 2159 401 2220 breviter
415 2159 659 2238 perstrinxisset,
682 2159 743 2220 hac
765 2158 946 2220 nobilissimi
966 2159 1103 2219 historici
1128 2159 1311 2221 auctoritate

168 2271 403 2323 commentorum
420 2260 605 2339 farraginem
616 2254 776 2321 exornavit
789 2260 1001 2343 interpolator,
1016 2261 1129 2342 quibas
1140 2260 1311 2338 Vergilium

166 2373 200 2425 ut
214 2383 361 2425 summum
377 2362 496 2422 virtutis
521 2370 553 2420 et
575 2362 744 2442 sapientiae
764 2363 937 2441 exemplum
953 2361 1115 2423 inlustrare
1131 2361 1247 2423 studet.
1280 2362 1313 2421 in

166 2465 214 2526 his
232 2472 400 2525 memoratu
415 2464 527 2541 dignae
549 2473 620 2524 eunt
634 2463 775 2536 fabulae,
798 2483 880 2544 quae
900 2483 1045 2525 versuum
1060 2463 1185 2524 illorum
1207 2463 1260 2544 qui
1281 2464 1311 2522 iu

167 2567 302 2647 antiquie
319 2564 514 2642 anthologiae
533 2565 648 2624 latinae
666 2564 751 2624 libris
766 2565 885 2644 Vergili
901 2585 969 2626 esse
990 2565 1132 2625 dicuntur
1152 2564 1312 2644 explican-

168 2668 272 2728 dorum
291 2687 384 2726 carisa
397 2666 488 2725 fictae
505 2663 656 2725 videntur.
691 2685 771 2746 quae
789 2666 913 2746 quidem
929 2687 969 2728 ox
984 2668 1157 2746 antiquiore
1174 2676 1311 2746 tempore

167 2768 287 2828 scilicet
310 2787 349 2827 ex
371 2769 436 2847 ipso
458 2767 559 2826 medio
582 2787 660 2827 aevo
688 2767 876 2846 repetendae
897 2778 982 2840 sunt,
1013 2768 1095 2849 quod
1115 2769 1229 2827 similia
1253 2771 1311 2827 iam

167 2870 205 2929 ab
221 2869 402 2929 Alexandro
418 2869 528 2928 abbate
545 2866 681 2928 Celerini
704 2870 880 2929 monasterii
898 2870 929 2928 in
950 2869 1028 2930 libro
1049 2869 1088 2929 de
1109 2870 1202 2929 rehns
1216 2871 1312 2947 gestia

165 2973 290 3049 Rogerii
312 2972 438 3030 Siciliae
462 2972 543 3048 regis
563 2990 593 3048 p.
614 2979 660 3034 117
684 2970 732 3031 ed.
751 2971 852 3030 Burm.
874 2969 969 3048 (thes.
993 2970 1077 3030 Sicil.
1102 2970 1149 3047 V)
1172 2971 1310 3030 referun-

165 3082 222 3143 tur,
239 3092 338 3150 paone
355 3071 462 3131 eadem
479 3092 551 3130 vero
567 3073 597 3129 in
613 3072 755 3131 chronico
773 3073 955 3144 Mantuano,
980 3074 1028 3132 cui
1048 3073 1228 3150 inscriptum
1249 3081 1310 3131 est:

165 3178 359 3248 Alipraudina
384 3179 445 3233 osia
466 3178 584 3232 cronica
608 3177 683 3232 della
706 3175 764 3233 11111
786 3179 817 3232 di
830 3177 967 3262 Montana
987 3179 1017 3233 di
1031 3178 1232 3233 Buonamente
1254 3178 1311 3231 Ali-

163 3279 279 3349 1111111
299 3280 437 3336 cittadiao
455 3277 615 3333 Mantuano
636 3274 763 3354 (hlurat.
781 3285 844 3335 ant.
866 3276 935 3338 Ital.
947 3276 979 3334 V
994 3297 1024 3356 p.
1042 3285 1110 3339 1063
1126 3274 1209 3356 sqq.)
1227 3274 1281 3334 lib.
1297 3276 1312 3334 1

166 3396 233 3456 cap.
249 3385 266 3437 3
280 3369 432 3455 leguntur.
460 3395 584 3455 qnorum
604 3376 657 3435 ille
672 3378 751 3436 vixit
768 3378 850 3437 circa
865 3397 977 3437 annum
994 3388 1076 3450 1140,
1091 3377 1142 3436 hic
1158 3379 1242 3437 circa
1260 3398 1310 3436 aa·

164 3497 237 3536 num
252 3484 330 3540 1414.
354 3478 491 3558 Bathylli
507 3475 619 3538 deinde
634 3488 742 3556 poetae
758 3499 868 3538 nomen
884 3477 1004 3556 (Egens
1019 3478 1130 3538 dicitur
1145 3479 1229 3558 apud
1247 3479 1313 3537 Ali·

164 3577 327 3657 praudum)
350 3579 431 3659 quod
448 3580 628 3652 narrationi,
653 3598 712 3659 quo
734 3599 774 3638 ex
797 3579 979 3660 antiquitate
1003 3589 1129 3660 recepta
1144 3579 1312 3654 videretur,

164 3680 292 3739 inlatum
308 3689 369 3751 est,
391 3680 553 3758 repetitum
569 3680 692 3740 videtur
711 3701 750 3741 ex
766 3681 895 3741 obscura
910 3683 1055 3741 memoria
1073 3680 1211 3741 familiae
1229 3682 1312 3742 illius

164 3783 321 3840 mimorum
343 3782 529 3859 temporibus
545 3781 712 3841 Caesarum
727 3782 997 3843 celebratissimae.
1034 3785 1094 3842 iam
1116 3802 1198 3862 quae
1220 3784 1313 3843 finem

164 3882 240 3941 facit
254 3883 499 3957 narratiuncula,
523 3905 584 3964 qua
598 3883 756 3962 Augustus
778 3884 816 3944 de
832 3884 991 3945 reddenda
1005 3905 1039 3944 re
1055 3884 1182 3964 publica
1197 3886 1313 3946 amicos

166 3983 342 4043 consultans
369 3984 538 4060 inducitur,
571 3984 688 4065 pendet
712 4005 817 4047 rursus
844 4005 863 4044 a
887 3985 1101 4046 recordatione
1123 3986 1313 4066 Tranquilli,

164 4085 217 4164 qni
238 4084 296 4143 hoc
318 4086 384 4144 eius
406 4086 566 4146 consilinm
586 4087 682 4147 luisse
704 4106 730 4146 1.
752 4086 908 4150 18111111.
942 4096 1046 4165 cetera
1068 4087 1201 4148 adfinxit
1217 4089 1311 4148 inter·

163 4187 294 4263 polator.
927 4263 932 4273 .

247 4287 342 4347 Aliud
366 4287 579 4348 emblematum
601 4310 699 4368 genus
721 4309 760 4349 ex
792 4289 917 4350 scholiis
938 4289 1127 4368 Vergilianis
1152 4301 1313 4371 receptum

164 4397 224 4462 eat,
252 4389 284 4447 in
311 4390 422 4468 quibua
448 4410 527 4471 quae
552 4389 591 4449 ad
614 4393 708 4451 vitam
731 4401 842 4471 poetae
863 4392 932 4452 visa
954 4401 1025 4451 sunt
1046 4393 1204 4471 pertinere
1228 4395 1313 4454 vitae
