2964 5002
667 384 774 425 cacvr
797 386 820 424 11
1251 378 1310 435 437

168 527 242 621 bere
270 529 421 606 pressimus
449 539 551 588 nostro
577 531 641 589 iu're
667 536 825 612 suspicari.
872 557 972 617 neque
1000 560 1055 597 nos
1082 541 1139 599 bac
1170 545 1312 621 opinione

168 650 189 687 a
208 651 281 688 vero
306 630 478 689 declinasse
501 635 670 692 certissimo
693 638 865 695 testimonio
888 649 921 694 ut
945 641 1041 698 onmis
1062 640 1209 700 dubitatio
1232 645 1312 704 absit

168 729 391 809 conprobatur,
427 731 508 810 quod
534 753 601 792 curn
628 734 744 795 diutino
770 740 829 797 situ
859 738 1023 800 obductum
1053 754 1084 801 et
1113 742 1189 821 ipsis
1219 746 1311 806 medii

168 832 238 890 aeri
270 831 408 891 tenebris
439 832 573 893 abditum
603 835 714 896 fuisset
745 859 800 897 nos
826 839 945 897 demum
977 844 1007 900 in
1034 841 1133 903 lucem
1161 849 1310 923 protraxi·

167 953 242 992 mus.
271 942 357 993 extat
373 935 454 994 enim
469 936 550 1015 apud
566 938 715 1015 Congium
732 941 763 998 in
779 940 928 1016 glossario
945 941 1065 1001 mediae
1084 955 1114 1005 et
1129 947 1249 1005 infimae
1266 948 1310 1006 la-

167 1036 296 1096 tinitatis
312 1057 336 1094 s.
352 1057 381 1094 v.
399 1040 517 1095 nauare
535 1037 612 1096 haec
629 1041 792 1098 memoria:
825 1045 958 1111 boulara,
988 1046 1131 1116 Vputioni,
1154 1051 1266 1106 latrare
1284 1058 1313 1106 ct
1347 1083 1356 1099 ι

166 1146 210 1195 ert
225 1142 350 1211 proprie
372 1157 485 1196 carrum.
525 1159 593 1198 moa
607 1144 680 1199 baec
698 1147 793 1200 addit:
825 1145 981 1201 Siuduuius
1002 1149 1032 1202 iu
1052 1149 1124 1203 libro
1141 1152 1176 1205 dc
1198 1155 1312 1208 rratrtris

166 1256 263 1296 rerum
275 1243 362 1312 pouit
373 1244 498 1314 propria
513 1245 598 1298 verba
613 1247 779 1300 animalium
795 1249 950 1303 secundum
970 1264 1063 1304 uocem
1082 1266 1157 1320 quae
1178 1255 1206 1306 iu
1222 1259 1311 1323 parte

163 1358 321 1413 ponemus:
339 1344 451 1423 ieonum
467 1362 494 1402 e.
512 1362 540 1420 q.
558 1364 583 1400 s.
615 1344 654 1400 cf.
675 1345 784 1420 fragm.
806 1355 860 1407 itit.
878 1347 1028 1406 nemiuem
1044 1348 1135 1407 credo
1151 1350 1244 1425 sugit,
1260 1350 1311 1409 hic

166 1441 347 1502 Suetonium
361 1451 467 1521 aperte
484 1442 612 1501 indicari
631 1456 809 1526 partemque
829 1445 948 1506 laudari
966 1457 1121 1527 pratorum
1137 1469 1205 1509 eam
1218 1471 1310 1530 quam

164 1546 195 1603 in
206 1542 416 1623 superioribus
431 1545 679 1622 significavimus.
710 1547 848 1606 eiusdem
869 1549 1030 1627 fragmenti
1046 1550 1085 1610 de
1102 1551 1230 1611 vocibus
1245 1552 1309 1620 ani·

166 1646 311 1704 mantiam
325 1646 462 1705 meminit
476 1646 667 1706 Borbornius
684 1647 724 1706 ad
738 1649 839 1707 Plauti
854 1649 1046 1710 Menaechm.
1062 1652 1129 1712 IIII
1148 1663 1178 1726 2,
1193 1662 1244 1716 91:
1265 1673 1310 1713 oe·

165 1756 210 1805 tur
228 1752 439 1821 prammatieus
456 1751 589 1807 Sidonius
609 1754 693 1807 cuius
711 1752 910 1826 frapmeutum
931 1758 966 1811 de
987 1757 1100 1812 uocibus
1123 1759 1310 1814 animantium

165 1855 194 1906 iu
215 1853 326 1923 aliquot
345 1853 494 1924 plassariis
511 1871 578 1910 mss.
601 1854 722 1926 lepitur:
760 1864 866 1911 noctua
886 1859 1017 1912 curabat.
1049 1875 1138 1934 quam
1155 1856 1310 1916 Boxhorni
1333 1865 1364 1877 ”

166 1950 395 2009 adnotationem
417 1963 630 2013 commemorat
648 1953 790 2014 Osannus
814 1954 912 2033 symb.
935 1955 992 2013 litt.
1005 1956 1039 2013 II
1053 1976 1085 2035 p.
1103 1967 1170 2027 316,
1188 1978 1242 2035 pro
1261 1958 1307 2016 st-

164 2049 255 2110 donio
280 2049 398 2110 addens
421 2053 611 2113 Calidoniam
635 2054 686 2113 vel
706 2054 887 2115 Cledonium
908 2077 926 2114 a
941 2035 1112 2115 Oolomesio
1135 2057 1174 2115 ad
1195 2058 1308 2138 Gyral-

166 2150 237 2210 dnm
252 2173 284 2232 p.
298 2161 351 2215 295
368 2152 421 2232 (cf.
438 2155 597 2216 Fabricius
613 2154 686 2215 bibl.
701 2155 754 2214 lat.
771 2156 820 2214 III
839 2178 868 2235 p.
889 2168 941 2218 410
962 2156 1010 2215 od.
1031 2159 1120 2234 Em.)
1147 2163 1312 2238 repositum

167 2273 246 2314 esse.
276 2275 368 2336 quam
385 2257 588 2317 coniecturam
607 2267 690 2316 recte
707 2256 880 2335 inprobavit
900 2257 1057 2319 Osamms:
1081 2259 1136 2318 sed
1153 2260 1226 2337 quid
1241 2263 1308 2340 ipse

166 2360 295 2419 sentiret
309 2380 368 2419 non
389 2359 548 2431 indicavit,
567 2379 719 2418 moresne
742 2359 880 2417 adhunc
900 2379 964 2416 rem
985 2378 1018 2417 sc
1041 2359 1206 2416 rediturum
1222 2362 1311 2438 polli-

167 2463 255 2521 citns.
278 2462 400 2523 interim
412 2464 544 2540 corrupti
556 2463 684 2520 nominis
699 2460 944 2519 emendationem
956 2460 1117 2538 occupavit
1133 2460 1310 2537 liothius*).

167 2562 222 2621 sed
237 2563 320 2644 quod
336 2563 492 2624 Sidonium
507 2564 737 2640 grammaticum
754 2571 876 2641 praeter
888 2561 1095 2619 Bordrornium
1112 2561 1190 2619 levis
1207 2571 1309 2619 aucto·

167 2665 265 2723 ritatis
296 2664 447 2722 hominem
473 2685 561 2722 nemo
589 2665 778 2744 adpellasset
806 2665 902 2723 noluit
928 2663 1061 2722 flosculis
1093 2670 1184 2741 atque
1207 2659 1310 2721 herbis

169 2786 186 2824 e
201 2776 289 2844 prato
307 2765 459 2845 decerptis
481 2776 573 2845 capnt
593 2767 630 2826 de
646 2767 772 2824 vocilius
788 2767 985 2825 animantium
1001 2765 1124 2822 addere.
1142 2763 1223 2843 quod
1239 2783 1309 2821 eon-

168 2876 214 2927 tra
229 2867 317 2927 uobis
334 2867 372 2927 de
392 2869 572 2926 auctoritate
591 2869 682 2946 paulo
701 2868 905 2926 securioribus
924 2887 992 2924 esse
1014 2867 1103 2936 licet,
1124 2869 1237 2945 quippe
1259 2866 1311 2943 qni

168 2990 227 3028 non
240 2970 307 3029 sola
319 2969 485 3028 Borbornii
500 2969 697 3028 adnotatione
718 2971 865 3043 nitamur,
887 2968 942 3027 sed
962 2968 1053 3027 etiam
1071 2969 1211 3044 glossarii
1230 2965 1312 3047 quod

168 3070 282 3147 Vgutio
298 3089 379 3129 anno
395 3071 516 3128 circiter
536 3083 604 3134 1200
619 3071 752 3149 conlegit
766 3071 834 3129 fide.
873 3091 964 3150 quam
979 3091 1017 3129 no
1037 3071 1128 3129 fac-ile
1152 3072 1310 3148 impugnes

168 3170 434 3249 prohibettitulus
456 3173 592 3251 quicum
615 3176 680 3253 ipso
703 3184 847 3251 excerpto
873 3193 910 3230 ex
934 3172 1145 3249 antiquissima
1167 3173 1312 3230 memoria

168 3282 309 3352 receptus
326 3283 383 3331 est.
401 3273 526 3351 pluralis
539 3276 661 3355 quidem
677 3277 727 3334 illc
743 3281 853 3335 araturis
865 3296 883 3333 a
896 3285 1000 3334 nostra
1017 3273 1135 3349 vulgari
1151 3282 1311 3330 consuetu·

169 3373 238 3433 dine
251 3374 426 3454 discrepare
442 3376 570 3448 videtur,
589 3377 644 3436 sed
656 3379 870 3436 usitatissimus
886 3384 933 3434 est.
948 3376 1048 3435 Plinio
1064 3375 1236 3432 innaturali
1251 3375 1312 3432 his-

169 3475 255 3534 toria.
283 3495 341 3535 nec
366 3477 498 3535 alienum
522 3488 594 3556 puto
615 3478 723 3536 isidori
743 3479 838 3554 origg.
859 3477 938 3536 VIII
956 3487 988 3547 6,
1013 3475 1311 3555 lverbahucadpo·

170 3597 255 3636 nere:
272 3581 389 3652 physici
395 3582 466 3636 dicti
470 3624 476 3650 ,
495 3584 561 3653 quio
574 3584 607 3636 rte
622 3584 736 3636 nutriris
747 3577 942 3655 tractcrrrt**).
961 3579 1153 3651 ‹reptirrnatur
1165 3589 1266 3638 autem
1283 3585 1314 3637 et

232 3728 257 3791 ἢ
277 3731 410 3782 Similiter
427 3729 606 3793 depravatum
625 3736 667 3779 est
686 3748 702 3778 a
720 3731 841 3780 librariis
855 3731 967 3778 Stratoni
981 3745 1079 3778 nomen
1092 3746 1118 3794 p.
1132 3730 1196 3791 atsi,
1213 3730 1233 3779 l.
1252 3728 1311 3791 268,

175 3814 193 3863 l.
211 3814 276 3876 350,
293 3815 319 3866 8.
351 3815 467 3865 eandem
485 3831 551 3865 vero
570 3816 753 3879 corruptelam
773 3816 800 3863 in
814 3816 950 3864 Vaticano
970 3814 1064 3863 codice
1085 3821 1194 3874 extare,
1214 3816 1242 3862 in
1261 3829 1314 3877 quo

171 3899 268 3951 Ausoni
287 3915 396 3959 versus,
416 3900 513 3963 quibus
533 3900 692 3949 Stratonida
707 3899 1029 3948 vitatlnesarumlibroa
1048 3899 1075 3946 in
1095 3901 1230 3964 epitomen
1251 3913 1312 3948 eoe-

171 3984 223 4047 git,
242 3984 354 4035 Sidonio
372 3983 579 4041 adscribantur,
599 3986 630 4033 A.
649 3984 796 4033 Michaelis
815 3987 847 4032 (t.
870 3982 964 4032 lalmio
983 3985 1104 4048 scripsit.

232 4066 273 4130 **)
292 4068 417 4118 Eundem
429 4069 616 4134 inscriptionis
635 4085 712 4117 usum
727 4072 844 4115 testatur
857 4068 1053 4131 Hieronymus,
1075 4069 1119 4132 qui
1134 4067 1224 4117 multis
1243 4066 1314 4114 locis

170 4154 330 4218 scriptorum
354 4153 433 4202 buius
457 4155 568 4217 generis
591 4153 728 4202 meminit:
749 4167 844 4200 oomni.
870 4152 897 4199 in
922 4152 986 4201 lsai.
1007 4135 1099 4201 xv'ttt
1124 4150 1158 4200 bb
1176 4156 1237 4198 tom.
1259 4150 1313 4198 1111

170 4253 195 4301 p.
203 4236 300 4303 stesq.
311 4237 399 4304 tait:
414 4240 482 4286 aiunt
496 4244 540 4303 qui
550 4241 581 4287 dc
595 4239 753 4287 anirmurtirun
764 4238 894 4299 scripsere
907 4239 1019 4298 nataris,
1033 4239 1136 4284 ninnium
1149 4236 1247 4299 paulam
1259 4233 1313 4281 bea·

168 4323 256 4372 tiaram
274 4329 301 4372 et
318 4324 481 4372 iumentorum
499 4320 524 4372 et
539 4325 661 4387 pecudum
680 4323 809 4384 irritamque
827 4322 960 4382 Inpendam
984 4336 1039 4369 case
1058 4323 1083 4368 in
1097 4321 1165 4380 filios
1182 4320 1312 4382 pullosque

167 4421 223 4457 arus
235 4409 369 4474 affection,
391 4409 439 4457 red
449 4410 581 4457 marimum
594 4423 650 4456 esse
663 4419 770 4455 araurem
784 4407 937 4470 aquitarum,
956 4420 1020 4469 quae
1032 4408 1057 4451 in
1074 4405 1184 4452 excelsis
1202 4407 1227 4450 et
1244 4402 1312 4451 tuae
