2964 5002
666 384 770 424 11111
795 383 818 422 u
882 374 885 379 '
1245 363 1307 424 113

164 556 230 594 mus
245 534 443 593 Ambrosium
458 534 512 593 illa
528 539 602 592 uude
618 539 746 592 uidemur
767 553 832 592 euru
853 539 969 607 surptus
987 539 1130 592 modiolum
1153 545 1238 607 utque
1260 554 1308 592 ro-

164 646 277 701 rantem
293 654 333 694 ex
347 636 494 703 Suetonio
508 638 670 714 recepisse.
701 637 1004 709 hexaemeronenim
1020 637 1112 696 libros
1128 636 1308 695 Ambrosius

165 758 203 798 ex
220 737 320 797 Basili
335 737 509 814 cognomini
521 756 614 816 opere
633 739 784 816 expressit
800 759 857 797 nec
878 741 937 798 nisi
958 742 1063 817 paucis
1080 739 1157 797 locis
1175 739 1308 797 auctoris

166 839 212 899 sui
226 860 321 920 qnam
332 840 405 897 tore
418 839 634 917 interpretatur
651 841 816 899 orationem
834 850 935 917 auget.
974 842 1033 900 iam
1048 860 1120 899 voro
1136 840 1189 899 illa
1204 859 1307 898 narra·

166 941 303 1000 tiuncnla
319 940 360 1000 do
376 960 453 1000 cane
467 942 519 1021 qui
535 941 647 1000 domini
663 959 771 998 necem
790 940 871 999 ultus
888 950 949 1013 est,
970 962 1060 1020 quam
1078 942 1197 1001 Giraldi
1218 940 1307 1002 Cam·

166 1044 284 1103 brensis
299 1043 476 1102 testimonio
491 1063 509 1101 a
524 1041 668 1102 Suetonio
682 1043 712 1099 in
731 1040 809 1100 libro
825 1041 863 1100 ds
879 1043 1075 1101 animantium
1090 1046 1206 1103 naturis
1229 1065 1308 1104 corn-

166 1152 365 1204 memoratam
391 1144 486 1202 fnisse
510 1163 605 1222 supra
631 1141 898 1221 conprobavimns,
931 1147 969 1204 ab
994 1145 1155 1204 Ambrosio
1182 1166 1220 1205 ox
1247 1148 1308 1206 alio

167 1255 291 1305 auctore
305 1244 472 1305 Basilianis
481 1245 595 1303 inserta
607 1252 670 1318 est,
695 1244 954 1305 narratiunculam
972 1257 1073 1306 autem
1084 1246 1226 1306 Ambrosi
1237 1268 1308 1308 ean·

167 1347 235 1406 dem
258 1347 356 1405 fuisso
376 1354 467 1424 atque
490 1344 707 1404 Suetonianam
729 1344 865 1404 eiusdem
884 1347 1002 1408 Giraldi
1024 1348 1127 1407 vorbis
1148 1349 1308 1410 discimus:

167 1453 241 1508 unde
256 1457 286 1506 et
298 1451 463 1520 exemptum
478 1467 567 1504 uatem
582 1450 659 1520 quod
672 1448 825 1504 Suetonius
840 1453 930 1522 touoit
950 1455 980 1506 in
994 1468 1028 1507 eo
1042 1454 1114 1521 libro
1130 1455 1182 1524 oui
1194 1457 1229 1511 de
1246 1458 1308 1512 uui·

168 1554 306 1608 nantium
320 1553 435 1606 naturis
446 1551 612 1605 inscribitur
626 1556 654 1604 et
671 1552 836 1608 Ambrosius
851 1570 963 1624 quoque
977 1557 1006 1608 ia
1028 1554 1223 1612 treuuemerou
1240 1576 1310 1613 uer·

168 1663 213 1710 rot
228 1655 276 1710 tric
291 1657 467 1709 interserere
481 1668 539 1708 noa
557 1652 736 1722 superfluum
752 1658 896 1724 reputoui.
917 1653 1012 1711 refert
1027 1652 1137 1712 deiude
1153 1654 1310 1715 historiam

170 1753 313 1814 Ambrosi
332 1749 435 1810 vorbis
459 1750 524 1807 fere
546 1769 606 1806 nou
629 1749 806 1824 immutatis,
830 1754 932 1813 differt
951 1768 1052 1812 autem
1073 1775 1111 1813 ea
1128 1757 1310 1816 asimilibus

168 1852 402 1915 narratiunculis
419 1870 496 1931 quas
511 1859 633 1909 veteres
648 1852 688 1912 ad
707 1856 791 1913 canis
802 1857 969 1915 sollertiam
984 1856 1202 1917 inlustrandam
1215 1837 1309 1938 adpo:

168 1976 240 2015 uere
258 1955 369 2014 solent
402 1954 505 2032 itaque
518 1951 618 2010 onmia
632 1957 808 2015 necessario
822 1977 877 2016 nos
891 1977 927 2015 eo
944 1956 1058 2016 ducunt
1070 1969 1102 2017 ut
1118 1961 1310 2022 Ambrosium

169 2059 247 2118 hanc
259 2078 300 2119 ox
310 2053 484 2133 Tranquilli
498 2062 651 2131 pratorum
665 2054 781 2114 decimo
795 2057 1018 2138 deprompsisse
1031 2061 1253 2139 intellegamus.
1265 2073 1310 2123 at·

170 2162 219 2240 qui
232 2159 293 2218 illa
312 2156 409 2219 verba
427 2160 503 2213 unde
524 2159 654 2213 uidemus
670 2174 734 2212 eum
756 2165 875 2231 saepius
891 2166 1035 2220 madidum
1055 2174 1141 2238 atque
1163 2176 1311 2226 rorantem

170 2280 318 2343 nusquam
337 2260 369 2318 in
388 2257 485 2317 Basili
505 2257 635 2316 homiliis
657 2258 807 2335 leguntur.
842 2262 915 2342 qnid
930 2264 1023 2339 igitur
1037 2264 1138 2324 obstat
1151 2269 1310 2346 quominus

172 2368 261 2425 etiam
271 2363 351 2421 haee
367 2359 512 2419 Suetonio
528 2358 732 2433 vindicemus,
756 2360 794 2421 do
811 2383 871 2442 quo
887 2365 946 2423 iam
960 2385 1019 2424 uuo
1036 2367 1104 2424 loeo
1117 2367 1310 2428 Ambrosium

171 2466 328 2527 Basilicus
344 2469 507 2540 augentem
526 2459 660 2539 pendere
683 2461 836 2522 vidimus?
858 2476 950 2546 atquo
968 2467 1069 2527 elucet
1083 2468 1234 2528 Isidorum
1255 2490 1311 2529 sno

173 2572 233 2628 iure
245 2567 306 2628 sibi
317 2565 417 2624 visum
426 2582 494 2636 esso
506 2560 708 2621 Ambrosiana
719 2563 914 2626 Suetouianis
927 2570 1111 2648 interpolare
1128 2571 1211 2650 quod
1228 2571 1311 2630 viros

173 2669 315 2748 gentilem
327 2675 359 2726 ot
374 2663 557 2724 catholicum
570 2661 623 2739 (of.
637 2667 734 2744 praef.
746 2667 776 2744 ⁴2)
791 2669 870 2730 idem
883 2681 1091 2747 argumentum
1104 2672 1218 2732 eisdem
1233 2673 1311 2732 adeo

173 2771 272 2831 verbis
286 2786 429 2829 enarrare
443 2764 602 2824 sentiebat.
620 2786 699 2845 quae
712 2773 833 2830 comita
846 2782 957 2845 essent,
971 2794 1030 2831 nou
1044 2773 1206 2834 dubitaris
1224 2776 1311 2834 scho-

173 2872 279 2933 liastae
297 2869 401 2929 verbis
419 2869 526 2943 fragm.
545 2861 618 2928 118*
637 2865 711 2930 130*
732 2875 806 2935 131*
823 2872 895 2935 131*
917 2874 989 2937 135*
1005 2897 1084 2954 equae
1098 2879 1243 2936 Suetonio
1258 2876 1311 2935 ad·

174 2976 324 3052 signarem
340 2990 516 3041 secernere,
539 2976 643 3026 cetera
659 2981 760 3030 autem
775 2992 854 3052 quae
874 2975 911 3033 ad
928 2977 1010 3036 idern
1031 2998 1128 3055 genus
1154 2988 1312 3058 excerpto·

173 3098 235 3136 rum
258 3076 428 3155 pertinent,
443 3071 607 3152 praesagia
627 3071 701 3130 solis
722 3083 753 3131 et
773 3074 863 3135 lunae
885 3086 916 3135 et
940 3078 1071 3137 siderum
1087 3083 1313 3157 potentissimo·

174 3199 236 3238 rum
260 3179 385 3239 nomina
408 3184 440 3237 et
463 3180 606 3244 effectus,
640 3178 732 3240 malui
754 3178 784 3238 in
808 3182 955 3259 superiori
982 3181 1178 3243 adnotatione
1211 3183 1313 3242 conlo·

175 3301 252 3341 care.
286 3300 415 3361 quorum
435 3282 489 3340 illa
512 3283 683 3359 fragmento
706 3282 779 3346 152*
800 3283 931 3355 subieci,
954 3284 1317 3361 lraecfragm.142*,nt

175 3404 275 3442 eornm
309 3386 524 3463 conparatione
549 3387 721 3445 Isidoriana
742 3387 885 3444 momoria
907 3387 1108 3462 corrigeretur
1136 3396 1168 3447 ot
1191 3389 1313 3469 supple·

174 3496 263 3545 retur.

258 3589 323 3646 Iam
339 3608 411 3646 vero
432 3589 640 3649 demonstrare
657 3590 730 3649 licet
745 3590 933 3649 Suetouiana
949 3591 1031 3670 apud
1048 3593 1244 3651 selroliastam
1262 3614 1314 3653 ox·

175 3700 279 3770 carpta
316 3699 448 3749 aetatem
475 3691 583 3749 Isidori
609 3712 763 3769 supmaro.
804 3712 987 3773 ‹prramquam
1009 3695 1088 3752 enim
1115 3696 1315 3755 certissimum

175 3802 219 3852 est
230 3791 381 3851 Isidorum
394 3792 423 3848 iu
439 3790 516 3849 libro
527 3792 564 3850 de
581 3802 688 3851 natura
702 3814 801 3852 rerum
819 3812 887 3853 eum
898 3815 959 3853 non
969 3793 1082 3853 adiisse
1099 3830 1138 3841 —
1154 3818 1223 3855 nam
1234 3798 1315 3878 quod

175 3914 232 3953 uno
246 3895 316 3954 loco
332 3914 358 3952 c.
377 3899 408 3954 u
424 3893 550 3952 Aratum
568 3905 598 3951 et
610 3895 768 3973 Hyginum
786 3897 972 3956 contendero
995 3897 1069 3956 dicit
1090 3899 1185 3958 solem
1208 3920 1263 3978 per
1281 3919 1316 3959 se

174 3996 271 4076 ipsum
295 3997 411 4054 moveri
434 4017 494 4054 non
516 4016 584 4053 eum
604 3997 714 4055 mundo
733 3999 812 4056 vorti
832 4018 891 4055 urio
915 3999 982 4058 loco
998 4011 1170 4060 manentem
1183 4018 1213 4063 ο.
1230 4024 1261 4081 q.
1279 4024 1314 4073 1.,
1335 4069 1349 4088 ·

174 4120 232 4158 uon
254 4097 343 4159 Arati
362 4097 417 4156 sub
435 4099 556 4157 nomino
576 4098 763 4156 sclroliasteu
781 4099 1315 4180 11111111811μι1111111111111111111).

173 4201 237 4273 Xl,
253 4199 309 4258 sed
323 4201 419 4278 ipsum
432 4199 896 4300 Α1111111111111111111111111111111111
909 4205 1093 4261 astronomia
1104 4202 1249 4261 falurlaris
1262 4202 1315 4260 ad·

174 4302 288 4381 scripta
304 4302 446 4360 fuerit-
457 4314 558 4362 tamen
574 4303 604 4361 in
617 4300 782 4378 originibus
797 4302 946 4374 Isidorus,
965 4322 1055 4381 quem
1071 4301 1177 4359 librum
1198 4311 1230 4359 ut
1245 4321 1314 4358 eon-

173 4403 360 4463 scribillaret
373 4406 502 4464 maxime
516 4414 673 4483 poetarum
692 4403 809 4462 scholia
826 4404 993 4474 consuluit,
1012 4403 1078 4461 eius
1090 4411 1236 4483 excerpta
1250 4400 1315 4458 sero
