2964 5002
163 337 227 403 420
481 352 705 402 evsesmosss
732 352 960 397 svmonissss:

166 510 257 568 aliem
269 509 350 568 viem
363 507 493 582 ingressi
503 504 584 564 hune
595 503 707 563 Isidori
725 503 977 583 disputationem,
990 524 1081 585 quum
1092 506 1243 566 Suetonio
1259 506 1314 568 de·

166 610 231 669 beri
249 606 673 683 Berglrienu‘rutiociustione
690 606 878 684 patefactum
891 617 953 679 est,
970 626 1030 665 uon
1043 606 1149 668 divelli
1162 628 1260 688 posse
1274 610 1315 670 ab

165 710 302 770 eiusdem
318 709 495 768 commentis
514 707 554 767 de
568 707 691 766 relicuis
708 706 789 765 notis
806 708 837 765 in
852 707 1008 767 codicibus
1021 707 1317 788 adhibitis-(lr.106*

166 821 216 876 loll
225 808 255 889 ²²)
267 810 524 883 intellexerimus,
537 807 619 889 qnod
635 810 726 868 etism
742 809 773 866 in
789 808 836 867 his
851 809 1058 870 Suetonianse
1071 811 1252 871 eruditionis
1269 814 1315 872 iu·

166 913 248 973 <licie
258 913 420 971 emineant.
436 911 538 989 cupite
551 909 672 990 quidem
686 911 724 969 de
738 910 818 969 uotis
828 910 966 972 iuridicis
980 922 1011 971 et
1023 911 1204 973 militaribus
1217 914 1316 973 notis·

165 1034 226 1095 que
239 1013 401 1091 digitorum
414 1011 454 1089 (c.
466 1021 510 1073 22.
521 1021 567 1075 2&
578 1011 625 1087 25)
638 1012 721 1071 nolui
736 1011 881 1071 Suetonio
892 1013 1067 1087 vindicare,
1080 1012 1164 1093 quod
1172 1034 1233 1073 uec
1245 1015 1315 1075 Sui·

168 1117 226 1177 due
244 1115 346 1174 indice
368 1111 657 1193 conprehendentem
673 1132 732 1172 uec
751 1114 783 1173 iu
803 1112 1027 1185 additamento,
1053 1134 1115 1194 quo
1137 1114 1316 1177 inlustrium

168 1219 348 1296 scriptorum
356 1214 434 1274 liber
442 1195 663 1288 ciuuulabetur‚
676 1214 1071 1294 commodcpotersutponi.
1080 1215 1192 1296 quibus
1201 1217 1314 1277 ineun-

168 1319 238 1378 ‹lem
248 1314 707 1376 modumssuetcuiuuulsidorus
718 1316 926 1395 interpolavit,
939 1335 999 1395 quo
1008 1314 1251 1383 Christianarum
1263 1340 1316 1380 uo·

107 1492 113 1499 ‚
168 1429 267 1480 terum
276 1417 498 1497 explicationes
509 1424 678 1477 commento
689 1420 725 1477 rie
736 1426 811 1477 notts
821 1420 1036 1491 scripturorum
1045 1419 1210 1480 inmiscuit.
1224 1438 1316 1501 quum

165 1522 263 1583 mults
276 1540 351 1579 vero
365 1538 471 1579 rursus
487 1521 638 1592 omiserit,
655 1500 871 1599 conpunctione
888 1537 957 1577 cum
968 1519 1111 1579 Parisino
1123 1522 1260 1602 epitome
1269 1525 1316 1582 iu·

169 1626 278 1683 stitute
297 1622 389 1681 focile
405 1618 576 1681 (locemus.¹
592 1629 685 1701 etque
701 1620 838 1699 inprimis
853 1638 893 1681 ce
904 1622 1052 1695 resecuit,
1077 1642 1159 1701 queo
1173 1622 1315 1684 recondi·

168 1726 254 1785 tioris
273 1723 431 1784 doetrinae
441 1722 634 1783 videbuntur.
661 1732 796 1781 ceterum
813 1731 844 1781 et
859 1723 958 1803 ipsum
972 1720 1145 1783 Pnrisiuum
1162 1743 1315 1785 commou-

170 1837 233 1886 tum
248 1836 333 1885 recte
351 1823 472 1883 anobis
488 1842 556 1881 cnm
570 1822 706 1901 Bergkio
722 1822 885 1901 epitomum
899 1825 1004 1885 soceri
1017 1843 1078 1882 nno
1097 1827 1233 1884 maxime
1247 1824 1315 1885 loco

169 1928 321 2009 proditur:
351 1928 427 1998 diple
438 1928 658 1998 possesionem
674 1928 888 1998 opponebatur,
904 1943 980 2001 quoe
990 1927 1153 1985 &nodosus
1170 1930 1318 2002 Epirum

168 2048 228 2088 nos
242 2038 320 2086 recte
334 2030 481 2084 adiecerat
497 2034 548 2083 out
562 2028 736 2084 detruserat
756 2035 809 2084 out
816 2037 1046 2101 permutaverat.
1067 2032 1108 2093 ,iu
1121 2031 1168 2087 liis
1184 2038 1214 2088 et
1224 2032 1320 2088 nostri

169 2133 348 2189 meumst
359 2147 390 2206 p.
407 2136 472 2199 lte,
487 2135 577 2207 tsqq.
668 2157 671 2161 ·

214 2263 218 2270 ·
255 2228 319 2290 Sed
333 2226 521 2288 redeundum
533 2239 581 2288 est
595 2228 635 2288 ud
648 2227 761 2289 Suidee
779 2231 999 2304 testimouium,
1017 2230 1108 2291 cuius
1119 2231 1218 2291 ultore
1234 2216 1341 2313 pem(

170 2352 233 2413 que
255 2333 322 2410 ipse
345 2327 439 2388 iudex
459 2329 607 2403 refertur,
637 2328 766 2409 euobis
787 2329 975 2411 conprobata
996 2341 1059 2404 est,
1086 2331 1234 2406 ultorum,
1255 2352 1318 2414 qne

169 2434 280 2494 librum
292 2414 478 2508 singularem
491 2429 529 2489 de
544 2431 625 2491 notis
640 2430 801 2510 scripsisse
815 2432 993 2494 Suetonium
1007 2432 1116 2506 trudit,
1132 2454 1195 2493 nou
1209 2454 1317 2514 possu-

170 2557 236 2595 mus
251 2554 312 2593 uon
328 2512 456 2592 reicere.
483 2531 565 2610 qnod
579 2542 682 2592 nostro
698 2534 764 2592 iure
779 2552 835 2593 nos
849 2536 953 2595 fucere
968 2535 1049 2594 infru
1063 2554 1118 2594 suo
1130 2535 1200 2616 loco
1214 2545 1317 2597 osteu-

172 2636 370 2706 dereliceat,
394 2631 444 2690 nbi
463 2633 612 2711 exemplis
624 2636 801 2695 certissimis
814 2612 982 2696 efficiemus
994 2636 1109 2696 liuidae
1125 2638 1157 2696 in
1173 2639 1318 2716 catalogo

171 2740 224 2797 illo
241 2733 432 2795 contexendo
447 2734 612 2807 eccidisse,
636 2745 671 2794 nt
685 2748 788 2815 prutes
808 2737 952 2797 maiouim
969 2760 1093 2817 eperum
1108 2759 1165 2817 pro
1180 2728 1318 2816 singulu'-

174 2838 257 2896 ribus
273 2837 358 2895 libris
377 2835 513 2896 haberet.
550 2857 712 2916 quaecum
729 2839 772 2897 ite
789 2843 863 2912 sint,
880 2840 991 2898 Suidns
1010 2850 1093 2899 certe
1111 2840 1319 2919 inpedimento

82 2931 92 2951 ⁸
173 2960 232 2997 non
257 2947 318 3007 est,
348 2939 507 3016 quominus
528 2939 740 3018 Tranquillum
765 2943 795 2999 in
823 2943 880 3001 hec
908 2941 1117 3001 additamento
1137 2963 1197 3001 non
1219 2945 1318 3003 solnm

172 3040 211 3098 ‹le
232 3040 311 3097 notis
333 3038 514 3098 disseruisse
535 3041 591 3099 sed
609 3050 702 3099 totum
720 3044 931 3121 quaestionem
954 3043 993 3102 ile
1013 3043 1187 3104 litterature
1203 3047 1318 3105 eximu-

172 3145 248 3200 sisse
267 3149 449 3212 stotuumns‚
476 3160 555 3220 quae
571 3144 685 3220 optima
704 3144 842 3203 clausule
857 3145 1037 3223 scriptorum
1054 3147 1227 3207 inlustrium
1249 3147 1319 3206 libri

172 3253 262 3302 esset..
295 3253 386 3321 atque
408 3243 481 3300 lieet
502 3241 632 3320 probare
651 3243 830 3304 Suetonium
851 3246 889 3306 do
914 3247 1108 3307 bibliothecis
1131 3270 1228 3328 opera
1247 3250 1320 3310 (luto

172 3343 345 3420 disputasse
368 3344 516 3422 simulque
537 3364 616 3423 quse
634 3345 692 3403 lmc
714 3346 853 3407 facerent
875 3351 975 3407 onmis
994 3360 1156 3409 executum
1175 3371 1256 3411 esse.
1287 3354 1319 3411 iu

172 3445 295 3502 scholiis
322 3447 402 3503 enim
430 3447 607 3505 llorntinnis
637 3457 692 3505 erl.
727 3456 808 3525 poet.
836 3457 890 3511 354
911 3451 1084 3528 'l‘renqnilli
1112 3454 1319 3513 testimonium

174 3546 211 3604 de
226 3546 399 3625 bibliopolis
418 3549 694 3628 usu1·pntur(cf.p.
714 3560 763 3611 135
778 3549 905 3627 adnot).
931 3553 990 3609 ism
1007 3572 1081 3610 vero
1100 3552 1208 3612 eadem
1222 3554 1320 3613 verbu

172 3658 331 3708 recurrunt
346 3648 426 3727 apud
449 3648 578 3706 eundem
597 3648 684 3708 illum
700 3649 850 3707 Isidorum
873 3653 904 3710 in
925 3651 1001 3710 libro
1017 3661 1121 3724 sexto,
1142 3653 1194 3711 ubi
1212 3654 1286 3712 inde
1301 3675 1320 3712 n

174 3752 275 3828 cupite
297 3752 386 3808 tertio
409 3748 447 3807 de
469 3761 646 3826 argumento
673 3751 755 3830 qnod
774 3752 866 3830 pnulo
889 3762 959 3812 urite
976 3754 1146 3829 significavi
1165 3757 1320 3834 exquisite

173 3850 312 3909 doctrina
327 3848 465 3907 adhibita
481 3854 630 3930 exposuit.
655 3873 724 3911 nam
744 3873 810 3911 cum
826 3856 925 3932 capite
943 3866 960 3917 3
975 3854 1014 3913 de
1030 3855 1186 3914 Pisistrati
1202 3868 1234 3915 ot
1248 3858 1319 3916 Pte

172 3949 358 4009 lemoeormn
370 3948 564 4012 bibliothecis
580 3955 691 4030 egerit,
707 3955 808 4032 cupite
820 3965 836 4015 5
853 3954 978 4015 brevem
989 3957 1198 4014 Romanarum
1209 3955 1318 4016 biblio·

172 4049 328 4109 thecatum
347 4050 502 4111 historiam
522 4056 655 4131 pertexit
676 4053 854 4131 (ef.frag1n.
879 4056 978 4135 102*).
1011 4057 1123 4117 deinde
1144 4079 1170 4116 c.
1192 4068 1210 4121 9
1234 4079 1318 4118 cera-

171 4171 251 4223 rum,
269 4172 296 4211 c.
315 4160 510 4212 locustarum
526 4173 612 4212 usum
628 4155 778 4214 inlustrat.
807 4168 837 4214 ot
853 4177 925 4216 vero
942 4159 972 4215 iu
987 4159 1041 4216 illo
1058 4160 1150 4217 Attae
1166 4160 1320 4237 fragmen·

172 4258 234 4309 tum
250 4253 448 4330 conspicuum
465 4263 527 4324 est,
553 4257 584 4313 in
599 4255 656 4313 hoc
673 4266 825 4315 cartarum
846 4277 961 4334 genera
981 4257 1071 4317 docte
1093 4259 1319 4345 describuntur,

174 4359 205 4407 ot
220 4351 262 4408 ita
277 4353 400 4430 quidem
413 4363 444 4410 ut
459 4352 609 4432 adpareat
622 4356 773 4416 Isidorum
788 4378 849 4418 nou
860 4357 1038 4418 adhibuisse
1052 4361 1225 4423 Plininusm
1242 4363 1318 4442 (nat.
