2964 5002
165 344 228 405 496
582 364 615 405 m
628 364 727 405 eman
742 362 890 405 reaenrn

166 519 267 574 Publio
285 523 405 573 exstare
421 515 454 571 in
470 513 611 576 Vrbinsti
628 512 733 572 codice
749 515 893 592 comperi.
928 514 1000 573 Non
1022 514 1083 572 nisi
1103 515 1236 594 simplici
1252 534 1307 573 uo·

166 617 248 674 mine
264 623 315 674 aut
331 616 501 688 Africanum
517 623 568 675 aut
584 617 757 687 Scipionem,
776 626 827 673 aut
842 618 956 673 Philum
971 623 1024 673 aut
1039 618 1163 673 Furium
1179 616 1307 675 Porcius

118 734 126 748 ·
170 716 260 777 dixit:
284 717 369 788 item,
386 726 420 775 ut
433 719 564 774 Publium
581 717 650 789 ille,
674 717 717 775 ita
731 718 836 790 Afrum
851 717 1029 795 simpliciter
1044 716 1202 776 Volcatius
1225 718 1309 776 infra

168 840 200 898 p.
215 826 263 891 32,
280 829 322 880 10.
343 851 384 860 -
406 817 538 896 Quodsi,
566 818 619 897 qui
644 816 769 876 tandem
795 822 822 875 ci
846 838 1017 897 pronomen
1042 819 1101 877 huc
1126 819 1306 897 inrepserit,

171 919 356 999 quaesieris,
380 919 562 998 responderi
578 920 691 998 poterit
705 933 828 998 prorsus
843 921 985 998 apposite
1001 919 1040 979 sd
1061 920 1307 999 persuasionem.

170 1022 236 1081 Nec
251 1023 331 1081 enim
346 1020 514 1081 ullomodo
530 1020 676 1080 credibile
693 1029 739 1080 cst
758 1022 904 1081 inferiore
925 1011 991 1080 loco
1009 1021 1205 1092 Suetonium,
1222 1034 1308 1101 post-

170 1145 260 1204 quam
274 1124 410 1183 hortulos
427 1134 476 1180 xx
490 1123 627 1200 iugerum
642 1144 661 1181 a
677 1124 824 1182 Terentio
841 1123 964 1182 relictos
980 1124 1235 1196 commemoravit,
1252 1125 1308 1182 mi-

168 1227 317 1285 rationem
344 1224 383 1283 de
411 1225 561 1284 contrario
582 1224 685 1283 Porcii
709 1224 884 1284 testimonio
907 1243 991 1284 suam
1011 1225 1055 1283 ita
1074 1225 1252 1305 prodidisse
1274 1236 1307 1283 ut

148 1380 150 1384 .
169 1327 255 1386 huius
271 1326 445 1398 versiculos,
463 1327 570 1405 quales
585 1327 688 1406 paullo
705 1334 777 1384 ante
793 1326 929 1404 integros
947 1328 1180 1406 perscripserat,
1198 1327 1307 1407 putida

170 1427 332 1506 diligentia
358 1448 463 1487 omnes
483 1428 622 1487 iteraret:
650 1428 739 1487 immo
767 1435 1008 1487 consentaneum
1030 1438 1077 1487 est
1097 1429 1132 1488 iu
1154 1431 1199 1488 eis
1220 1430 1306 1489 illum

169 1529 338 1590 substitisse
356 1548 435 1609 quae
450 1507 490 1615 ad
505 1529 603 1609 ipsam
618 1549 682 1587 rem
696 1529 903 1607 pertinerent,
926 1549 984 1587 uec
999 1537 1062 1588 tam
1077 1548 1222 1591 numeros
1237 1551 1304 1590 vcr-

168 1652 253 1691 suum
269 1652 359 1711 quam
373 1632 436 1688 vim
450 1630 623 1689 sententiae
639 1650 770 1689 curasse.
815 1630 896 1689 Satis
918 1631 1010 1708 igitur
1025 1639 1092 1690 erat
1114 1631 1193 1691 haec
1208 1644 1303 1713 eppo-

168 1735 281 1792 suissc:
302 1752 357 1806 qno
372 1736 462 1806 napis
476 1738 564 1790 orirer
579 1735 712 1790 Porcium
729 1735 856 1818 scribere
878 1714 988 1807 ‘Scipio
1003 1736 1075 1791 aion
1084 1733 1217 1806 profuit,
1235 1737 1307 1792 ninii

168 1837 296 1903 Laelios,
311 1836 383 1891 nihil
393 1837 518 1892 Furius:
538 1851 635 1890 eornm
650 1837 697 1892 iiio
713 1851 802 1906 opero
816 1852 851 1892 nc
871 1838 983 1892 domam
997 1838 1108 1908 quidem
1124 1838 1226 1894 habuit
1237 1855 1303 1895 con-

167 1939 348 2009 ducticiom'3
372 1955 442 1993 nam
463 1936 558 2008 Scipio
581 1953 693 1993 nomen
715 1934 792 1993 nihil
807 1937 1012 2013 praecessisse
1028 1939 1228 1997 consentiens
1243 1958 1304 1997 vox

168 2037 303 2096 codicum
320 2037 446 2109 evincit,
469 2057 486 2095 e
502 2035 610 2115 quibus
626 2056 703 2095 nnus
718 2019 1133 2113 Reginensis⁰niliianb1ins
1148 2038 1272 2099 addidit
1287 2060 1303 2098 e

166 2139 233 2198 loco
250 2140 367 2218 priore,
390 2137 472 2218 quod
489 2148 559 2217 pust
574 2137 709 2197 Aldinae
726 2139 905 2198 auctoritate
921 2141 1020 2224 haesit
1036 2140 1128 2199 etiam
1143 2143 1177 2200 in
1195 2139 1302 2200 editio·

166 2240 266 2300 nibus.
312 2239 375 2300 Sed
401 2238 518 2319 aliquid
543 2248 646 2319 tamen
672 2240 705 2297 in
728 2258 763 2298 eo
786 2239 868 2319 quod
890 2243 1037 2321 proposui
1059 2244 1202 2323 exemplo
1224 2243 1302 2303 desi·
1355 2301 1357 2304 Α

168 2341 269 2419 denari
294 2342 426 2401 senties:
454 2361 606 2420 personae
626 2323 787 2413 indicium,
815 2342 862 2399 cu'i
884 2342 960 2401 nihil
980 2344 1033 2403 vel
1052 2345 1160 2403 summi
1180 2346 1302 2424 patroni

167 2444 348 2524 profuerint.
392 2445 501 2522 quue
516 2444 615 2521 ipsum
630 2442 706 2502 illud
721 2447 749 2500 ci
762 2451 896 2521 spectat,
919 2445 977 2504 hoc
997 2445 1063 2503 loco
1079 2454 1197 2505 temere
1213 2448 1301 2506 omis-

168 2567 248 2619 sum,
270 2547 301 2605 in
318 2546 449 2625 priorem
466 2564 503 2602 ex
518 2545 576 2603 hoc
591 2544 717 2603 inlatum
733 2552 830 2602 etant
851 2554 921 2623 post
934 2550 1024 2619 scipio
1040 2549 1207 2625 repositum
1222 2550 1300 2607 utin

167 2658 272 2707 vetere
289 2648 438 2727 Parisino,
456 2655 595 2704 nutante
607 2665 638 2719 p.
651 2650 739 2717 scipio
756 2654 788 2703 ut
801 2646 833 2703 in
849 2647 1067 2725 Neapolitano.
1084 2648 1177 2726 Quod
1194 2658 1301 2709 contra

168 2733 188 2808 e·
201 2752 300 2828 priore
317 2750 383 2806 loco
400 2748 551 2825 posterior
565 2748 766 2824 interpolatus
783 2756 829 2804 est
846 2768 906 2804 non
923 2758 1040 2807 tantum
1061 2754 1300 2827 supervacaneis

167 2852 303 2910 versibus
321 2849 436 2908 dnobus
453 2849 585 2921 adscitis,
603 2848 658 2905 sed
674 2868 773 2905 rursus
786 2853 813 2904 ei
828 2853 1008 2926 pronomine
1021 2853 1134 2910 inferto
1151 2854 1182 2910 in
1199 2855 1299 2931 proxi-

166 2955 221 3011 mis
238 2956 308 3009 niln'l
320 2956 347 3008 ci
363 2955 442 3007 letires
458 2954 530 3007 nihil
541 2953 657 3023 furiata,
676 2970 694 3006 a
710 2971 769 3028 qua
785 2952 1023 3029 interpolatione
1040 2955 1095 3012 soli
1111 2954 1200 3012 libori
1217 2975 1300 3012 man·

166 3040 271 3113 semul
296 3062 422 3131 uterque
444 3053 601 3110 Parisinus
629 3072 694 3109 crim
715 3053 893 3127 Roginensi.
916 3087 957 3093 —
980 3055 1181 3134 Consequens
1203 3058 1301 3141 ‘igitur

167 3165 212 3215 est
229 3176 266 3213 ex
282 3155 343 3226 his,
366 3164 400 3212 nt
421 3155 565 3212 inferiore
588 3154 654 3211 loco
671 3154 713 3210 sic
734 3156 889 3231 scripserit
911 3155 1089 3234 Suetonius:
1113 3159 1208 3229 Scipio
1232 3162 1302 3215 ninii

165 3263 193 3314 oi
211 3258 339 3331 profuit,
367 3259 438 3314 nihii
452 3259 581 3322 Loreiins,
611 3258 683 3311 reiicit
708 3258 825 3312 Foras.
871 3257 1073 3336 Quamquam,
1101 3258 1217 3337 alisque
1239 3260 1299 3318 lide

165 3359 307 3418 librorum
334 3367 428 3431 esset,
457 3357 561 3416 nescio
584 3376 622 3413 an
644 3356 734 3413 etiam
755 3358 851 3433 magis
875 3358 1052 3435 placiturum
1077 3371 1158 3417 esset
1183 3365 1255 3418 rrilril
1275 3365 1302 3417 ei

166 3463 259 3535 Scitne
276 3462 386 3535 profuit
405 3481 430 3519 e.
448 3481 477 3538 q.
494 3480 518 3517 s.

248 3564 322 3640 Peg.
345 3563 400 3628 28.
420 3562 439 3620 5
465 3582 531 3619 cum
548 3579 605 3634 por
631 3565 641 3616 i
648 3565 667 3618 ii
690 3570 800 3633 tempus
823 3561 921 3620 eolidit
936 3563 1062 3620 Wolfius
1084 3582 1138 3639 pro
1163 3582 1198 3618 eo
1217 3563 1298 3642 quod

165 3666 197 3724 in
219 3665 302 3724 libris
320 3675 365 3724 est
387 3669 533 3737 peridem
555 3673 678 3735 lempna,
705 3684 768 3720 non
795 3663 867 3721 feeit
890 3665 947 3721 hoc
973 3664 1060 3721 metri
1081 3683 1189 3721 caussa
1216 3665 1298 3743 qnod

166 3768 239 3825 dicit
264 3768 392 3825 ltotliius
424 3788 455 3845 p.
481 3774 532 3828 179
564 3764 658 3842 (nihil
690 3765 769 3822 enim
800 3765 832 3821 in
864 3774 958 3823 metro
991 3764 1206 3839 offrnrsionis),
1243 3766 1296 3823 scd

166 3870 247 3947 ipsas
264 3867 418 3945 cogitandi
436 3869 519 3943 leges
536 3876 664 3925 secutus.
709 3867 818 3944 Neque
836 3867 916 3922 enim
932 3867 961 3923 id
979 3867 1091 3942 agitur,
1114 3876 1156 3923 nt·
1169 3868 1248 3924 inter
1264 3888 1297 3924 se
1382 3934 1385 3939 7

166 3970 310 4049 aequales
326 3977 426 4027 aetate
443 3968 536 4025 fuisso
553 3968 741 4045 Scipionem,
760 3968 913 4039 Laelium,
931 3969 1052 4025 Furium
1070 3966 1224 4040 doccatur,
1241 3967 1296 4026 sed

164 4083 197 4131 ut
222 4073 367 4150 aequales
393 4070 548 4127 Terentii:
578 4070 661 4127 unde
687 4068 763 4126 illud
789 4088 844 4126 sua
870 4076 981 4146 sponte
1004 4070 1235 4127 consectarium.
1256 4101 1297 4111 -

165 4174 252 4251 Quae
268 4175 470 4250 insequuntur
490 4175 540 4243 quoi
553 4175 698 4244 opilobont
713 4171 861 4244 facillume
882 4190 920 4228 no
936 4171 983 4228 cui
999 4173 1101 4227 mora'c
1117 4172 1195 4242 sint,
1218 4191 1296 4229 unns

165 4294 273 4333 cavere
299 4281 480 4351 personatus
502 4273 652 4331 Asconius
674 4273 784 4349 poterit
807 4273 838 4330 in
857 4271 919 4331 cio.
945 4270 1167 4329 divinationem
1191 4272 1243 4345 §8
1265 4293 1294 4350 p.

166 4385 215 4436 102
231 4379 282 4433 tn.
300 4376 342 4432 sic
359 4381 592 4433 commentatus:
616 4375 829 4445 ‘diffinicionem
850 4375 930 4432 enim
950 4381 1162 4452 paupertatem
1178 4374 1295 4449 signifi·
