2964 5002
653 435 756 475 carrr
774 436 810 474 111
1242 416 1303 476 463

165 609 182 646 a
196 588 361 647 scholiasta
374 587 513 646 Platonis
527 588 600 666 Lys.
621 598 684 660 115,
702 599 717 648 5
733 606 762 663 p.
780 595 831 648 319
847 606 890 664 sq.
903 584 1017 655 Baka,
1036 592 1066 643 et
1083 585 1123 642 ita
1137 584 1259 664 quidem
1271 592 1304 642 ut

165 690 402 750 Eustathianum
424 688 581 766 exemplar
606 689 663 745 hac
687 689 830 746 memoria
851 686 1038 765 suppleatur.
1075 706 1174 765 neque
1197 685 1302 764 aegle-

132 823 137 835 ·
167 792 267 871 ganda
280 800 327 852 est
341 788 509 849 similitudo
525 809 605 869 quae
620 791 699 847 iuter
713 789 874 847 Pollucem
890 797 920 847 et
937 785 1114 845 Suetonium
1131 787 1304 860 intercedit,

166 914 254 975 quam
269 895 313 952 sic
327 893 438 972 optime
454 892 604 971 explicari
618 901 691 969 puto
706 901 739 949 ut
750 899 880 970 uterque
894 889 1023 950 eundem
1036 888 1186 949 Graecum
1203 898 1273 948 auct
1293 923 1304 933 ·

165 1017 226 1056 rem
242 1003 368 1055 secutus
386 996 433 1054 sit.

249 1097 338 1174 Ipsos
353 1095 437 1155 lusus
453 1116 513 1154 non
533 1097 705 1173 promiscue
726 1094 780 1154 sed
800 1115 854 1175 per
876 1103 959 1153 certa
974 1114 1089 1172 genera
1107 1092 1305 1171 descripsisse

165 1199 378 1278 Tranquillum
394 1198 490 1259 altere
510 1198 696 1274 fragmento,
717 1196 798 1278 qued
815 1197 949 1255 'l'zetaes
971 1196 1109 1254 versibus
1129 1190 1308 1273 conscripsit

168 1301 287 1379 (fragm.
308 1297 388 1376 183),
405 1297 562 1370 discimus,
587 1319 605 1356 a
623 1320 682 1377 quo
704 1300 748 1357 sie
766 1298 932 1376 explicatio
954 1291 1100 1374 κοττάβου
1117 1307 1147 1356 et
1165 1293 1306 1372 ἑωλοκρα-

166 1403 229 1474 ofer
246 1405 435 1482 preferatur:
455 1392 642 1478 Tpciyaullog
664 1394 829 1476 Σουητίνός
848 1421 892 1470 τις
912 1395 944 1457 ἕν
964 1397 1099 1468 παιδιαῖς
1116 1388 1265 1473 Ἑλλήνων
1285 1395 1290 1481 Ι

166 1495 275 1576 πολλὰς
291 1500 346 1581 μὲν
360 1493 451 1574 balag
467 1490 587 1573 παιδιὰς
602 1498 652 1559 aui
670 1501 841 1578 συμποσίων
855 1498 940 1578 λέγει.

250 1606 340 1664 Haec
356 1615 427 1664 sunt
442 1605 613 1682 fragmenta
628 1603 697 1663 libri
714 1604 752 1663 de
769 1603 954 1662 Graecorum
967 1603 1084 1662 lusibus
1101 1622 1181 1682 quae
1193 1602 1308 1662 diserte

172 1728 189 1767 e
211 1706 358 1767 Suetonio
380 1715 573 1787 repetuntur:
606 1705 660 1764 sed
683 1706 786 1765 multis
806 1706 881 1765 locis
903 1705 1082 1764 Eustathius
1104 1706 1134 1763 in
1158 1725 1307 1763 commen·

170 1810 254 1868 tariis
271 1809 444 1868 Homericis
465 1808 584 1866 lusuum
601 1808 788 1868 Graecorum
804 1809 986 1867 mentionem
1008 1807 1098 1886 facit,
1121 1786 1200 1887 (puae
1225 1805 1308 1885 quod
1370 1824 1385 1869 “.

170 1911 383 1990 supplementa
404 1910 474 1969 libri
499 1909 537 1968 de
559 1909 677 1970 lusibus
700 1910 888 1970 Graecorum
913 1929 981 1968 esse
1004 1910 1089 1968 volui
1111 1919 1145 1968 ut
1161 1908 1309 1967 audaciae

170 2032 279 2090 arguar
296 2033 357 2071 non
371 2011 548 2071 subvereer.

252 2115 318 2173 Iam
335 2114 424 2173 tertio
441 2114 518 2173 libro
538 2123 573 2173 ut
589 2114 791 2171 coniecturam
808 2131 907 2170 meam
926 2133 1036 2191 sequar
1053 2112 1231 2189 spectacula
1246 2114 1308 2170 lto·

172 2237 328 2276 manorum
345 2217 495 2295 exposuit.
518 2215 684 2274 hanovere
701 2213 837 2272 ludicrae
854 2213 998 2271 historiae
1014 2224 1131 2292 partem
1148 2234 1166 2270 a
1185 2215 1308 2272 Tertul-

171 2318 251 2378 liano
274 2319 305 2377 in
326 2317 404 2376 libro
429 2316 467 2376 de
489 2317 672 2396 spectaculis
694 2315 861 2374 adhibitam
879 2334 946 2373 esse
966 2315 1026 2373 iam
1048 2316 1216 2390 Regeutius
1233 2336 1261 2393 p.
1278 2325 1311 2376 10

173 2441 216 2500 sq.
232 2440 273 2480 ex
289 2421 354 2479 sius
372 2418 474 2478 verbis
490 2429 575 2478 recte
591 2419 756 2477 conclusit:
775 2420 908 2475 Roraulus
924 2417 988 2473 Ioui
1002 2420 1126 2473 Feretrio
1142 2418 1220 2473 lactes
1235 2421 1309 2472 iasti-

173 2527 261 2585 11111111
277 2524 412 2594 Tarpeio,
428 2539 496 2596 ques
515 2526 650 2597 Tarpeios
665 2524 749 2577 [lictor
763 2530 788 2575 rt
801 2521 966 2592 Capitolinos
980 2520 1045 2574 Piso
1061 2520 1151 2574 trudit.
1164 2528 1226 2588 past
1237 2519 1310 2573 lruac

176 2626 265 2681 Numa
285 2625 437 2696 Pompilius
455 2624 542 2679 Marti
561 2632 586 2679 et
606 2625 733 2695 Rehipiai
743 2625 826 2695 fucit:
855 2623 954 2677 dalaiae
974 2624 1066 2676 Aacus
1086 2619 1212 2674 Marcius
1226 2628 1252 2674 ct
1265 2637 1309 2674 cc-

173 2728 231 2783 1111.
261 2728 311 2799 pai
329 2742 396 2798 praes
413 2742 492 2798 praem
502 2741 559 2796 per
573 2727 697 2781 ordinem
712 2732 738 2779 et
760 2726 855 2795 psalma
871 2725 950 2779 idolis
967 2723 1044 2777 ladas
1061 2725 1239 2789 instituerint,
1257 2739 1310 2792 po-

174 2831 253 2884 situm
269 2835 310 2884 est
323 2828 402 2899 apud
419 2826 576 2881 Samonium
589 2827 784 2899 Tranquillum
800 2828 844 2880 1111
858 2844 876 2879 11
891 2827 987 2897 quiem
1005 2825 1182 2896 Trarrpuillas
1196 2826 1310 2895 accepit.

176 2936 264 3007 atque
273 2927 304 2985 in
314 2928 357 2985 eis
365 2945 445 3004 quae
456 2926 544 3005 quasi
556 2926 668 2984 invitus
678 2924 966 2985 traditOhristiauus
975 2923 1216 2983 dellonrauorum
1226 2944 1311 3001 spec-

175 3029 292 3102 taculis,
308 3048 434 3109 quorum
450 3028 696 3104 superstitionem
710 3039 741 3088 et
753 3027 963 3086 crudelitatem
979 3029 1035 3085 hoc
1047 3027 1153 3085 libello
1166 3026 1312 3105 depingit,

177 3132 308 3190 eminent
320 3131 446 3208 egregia
462 3128 640 3188 eruditionis
656 3131 832 3208 specimina.
852 3150 914 3208 qua
929 3150 961 3187 re
973 3131 1094 3188 secrevi
1110 3150 1147 3188 ea
1164 3131 1265 3187 omnia
1282 3139 1315 3188 ut

176 3231 204 3290 in
221 3231 459 3310 fragmentorum
476 3251 632 3290 numerum
648 3234 834 3311 reciperem,
849 3253 907 3290 nec
924 3253 959 3290 ee
978 3252 1025 3290 mc
1042 3231 1189 3290 deterreri
1206 3251 1314 3310 passus

176 3354 254 3405 sum,
278 3333 359 3413 quod
377 3333 465 3392 simul
487 3333 582 3392 verba
602 3335 801 3407 Tertulliani,
823 3333 932 3413 quibus
954 3354 1002 3392 res
1025 3354 1100 3413 (luas
1124 3336 1218 3392 refert
1242 3334 1313 3392 abo-

177 3435 323 3507 minatur,
349 3443 383 3494 ut
398 3437 569 3495 sententiae
586 3446 746 3496 manerent
760 3457 883 3496 servare
901 3455 1027 3494 necesse
1045 3445 1119 3495 erat.
1151 3456 1230 3516 quae
1247 3456 1315 3494 cum

177 3535 219 3594 ita
234 3537 312 3610 sint,
345 3544 448 3595 nostre
468 3539 533 3597 iure
550 3538 660 3597 utimur
675 3539 700 3598 si
718 3559 756 3598 ex
773 3538 878 3597 ordine
895 3559 954 3617 quo
968 3537 1180 3596 'Pertullianus
1195 3547 1313 3616 specta·

179 3637 246 3696 cula
264 3639 418 3698 recensuit
438 3640 619 3700 Suetoniani
639 3640 707 3699 libri
731 3639 940 3700 condicionem
960 3660 1153 3716 auguramur.
1187 3641 1315 3718 primum

178 3739 266 3816 igitur
273 3727 482 3800 Tertullianus
498 3742 585 3800 ludos
597 3744 749 3801 circenses
761 3743 955 3822 perstringit,
974 3740 1083 3800 deinde
1094 3743 1202 3819 fragm.
1222 3742 1315 3805 190**

179 3839 216 3897 ad
238 3843 399 3900 scaenicos
425 3843 514 3902 ludos
535 3844 661 3910 transit,
693 3852 756 3903 turn
778 3845 884 3922 fragm.
911 3845 1004 3907 193**
1024 3853 1055 3901 111
1075 3848 1143 3901 orde
1162 3853 1317 3918 peragatur

179 3942 234 4001 init
251 3963 384 4020 agonum
404 3954 611 4019 retractatum,
629 3946 736 4022 fragm.
757 3949 847 4009 194*ss
863 3946 996 4027 denique
1012 3951 1222 4021 insignissimam
1236 3963 1315 4017 spec-

179 4048 297 4103 taculum
321 4064 356 4102 ac
376 4051 591 4120 receptissimum
608 4051 798 4124 recognoscit
813 4049 843 4108 id
864 4058 910 4108 est
931 4046 1200 4127 amphitheatrales
1216 4045 1315 4104 ludos.

180 4143 233 4203 sed
252 4147 344 4205 etiam
361 4148 770 4209 accuratioraTertullianus
790 4150 828 4210 de
846 4151 923 4210 libro
935 4150 1123 4211 Suetoniano
1142 4169 1196 4208 uos
1212 4147 1316 4223 dorca

180 4264 247 4304 narn
268 4248 299 4305 in
315 4248 444 4324 singulis
461 4250 523 4308 illis
539 4251 676 4329 partibus
697 4272 760 4309 rem
784 4253 827 4311 ita
841 4254 986 4326 instituit,
1017 4263 1050 4312 ut
1074 4251 1316 4329 spectaculorum

180 4348 313 4426 origines
330 4349 433 4407 titulos
455 4351 620 4431 adparatus
640 4353 709 4411 loca
734 4363 815 4412 artes
845 4354 991 4434 deinceps
1015 4356 1206 4426 inlustraret,
1235 4352 1316 4433 quod

180 4450 367 4530 propositum
381 4470 468 4510 suum
486 4472 552 4513 esse
568 4455 634 4533 ipse
646 4455 750 4515 scribit
759 4455 883 4534 (fragm.
898 4457 1022 4534 184**):
1040 4461 1316 4516 commemoraremus
