2964 5002
585 361 627 401 na
651 361 792 404 uurvms
816 363 924 404 uauvu
1260 350 1320 412 199

184 507 322 573 homines
344 516 481 594 prepter
504 507 639 572 nimium
661 508 810 573 arderem
838 509 985 575 habitare
1007 513 1244 597 permittantur.
1286 523 1321 577 at

183 620 288 674 contra
314 608 591 696 septemtrionalis
615 621 647 675 et
670 612 821 699 australis
849 613 963 675 eireuli
991 611 1054 676 sibi
1084 614 1248 677 coniuncti
1272 615 1319 677 id·

182 714 264 776 eireo
289 734 357 776 nen
385 711 588 793 habitantur,
616 715 693 798 quia
720 735 739 776 a
766 735 863 778 eursu
891 713 969 777 selis
997 714 1094 799 longe
1119 715 1216 800 positi
1244 724 1319 790 suist

181 813 340 900 nimieque
376 812 462 878 eaeli
495 816 602 900 rigore
633 823 869 901 uentorumque
895 814 1014 900 gelidis
1042 814 1174 880 flatibus
1210 825 1317 880 eonta-

163 917 325 981 suescunt.
368 913 549 980 solstitialis
571 938 649 980 uere
674 916 831 997 eireulus,
859 920 915 1004 qui
941 918 974 981 in
998 918 1122 981 oriente
1141 919 1227 980 inter
1249 938 1318 1001 sep-

179 1018 418 1083 temtrionalem
438 1026 471 1082 et
489 1019 649 1082 aestiuum
675 1027 725 1082 est
746 1019 950 1098 eenloeatuS,
980 1018 1030 1082 uel
1054 1021 1115 1083 iste
1137 1021 1194 1104 qui
1214 1019 1248 1082 in
1267 1041 1317 1082 ee·

177 1121 306 1187 cideute
327 1121 413 1184 iuter
435 1121 596 1184 aestiuum
618 1129 651 1184 et
672 1121 848 1185 australem
870 1122 995 1207 positus
1013 1130 1078 1200 est,
1101 1120 1175 1185 ideo
1198 1130 1316 1205 tempe-

178 1225 237 1287 rati
258 1233 337 1286 sunt
358 1222 500 1309 eoquod
524 1243 567 1286 ex
584 1243 649 1286 une
671 1221 792 1287 eireulo
807 1223 947 1308 rigerem
977 1243 1019 1286 ex
1051 1222 1153 1287 altere
1175 1222 1317 1287 calorem

178 1324 327 1390 habeant
374 1323 554 1410 dequibus
578 1325 753 1410 Virgilius:

176 1519 224 1574 tur,
238 1530 291 1579 per
309 1529 389 1578 quem
402 1513 443 1564 sel
457 1514 548 1563 currit.
574 1515 614 1565 sie
628 1531 694 1580 ergo
707 1514 833 1579 quoniam
847 1515 881 1564 arl
895 1513 1004 1564 ultimas
1017 1529 1071 1563 non
1084 1515 1223 1579 peruenit,
1241 1515 1316 1577 frigi-

175 1583 222 1632 das
246 1582 394 1646 relinquit,
424 1582 541 1631 mediam
561 1599 672 1662 zenam,
701 1583 828 1660 quonium
850 1588 1068 1663 saeuepnerat,
1093 1582 1206 1660 igneam
1228 1580 1316 1632 facit)

174 1650 343 1700 Plutarchus
360 1651 390 1699 P.
410 1650 441 1699 P.
460 1649 545 1728 1312:
564 1647 663 1716 Θαλης
686 1649 863 1768 Uetuleno?
887 1664 914 1699 οι
938 1666 979 1700 απ
1015 1665 1131 1725 αοτου,”
1141 1648 1316 1716 μεμερίσθαι

174 1711 224 1783 τὴν
250 1716 305 1768 τοῦ
327 1709 435 1775 παντός
456 1717 582 1781 οορανοό
605 1721 734 1783 σφαῖραν
757 1732 799 1776 ες
821 1718 943 1776 κοκλους
966 1711 1066 1782 πέντε,
1094 1731 1227 1776 ονστινας
1249 1734 1315 1782 προ-

173 1778 362 1851 σαγορεύουσι
385 1777 483 1847 ζοόνας·
505 1787 633 1837 καλεῖται
657 1780 691 1858 δέ
713 1776 728 1835 ό
751 1779 804 1850 μέν
825 1776 919 1835 αότοόν
936 1777 1069 1866 ἄρκτικός
1089 1800 1119 1837 τε
1141 1782 1190 1836 καλ
1213 1777 1314 1852 ἀειφα-

174 1847 237 1935 ''l‘'
263 1845 280 1905 ὁ
305 1848 338 1903 δὲ
352 1846 489 1927 ,θερινός
505 1847 654 1917 τροπικός·
677 1869 692 1903 ο
711 1847 744 1904 δέ
762 1847 932 1919 ἰσημερινός·
951 1869 968 1904 ο
986 1847 1018 1904 rt
1041 1847 1200 1920 χειμερινὸς
1221 1871 1316 1936 τροπι-

173 1936 230 1982 τος·
252 1913 270 1973 ό
288 1915 323 1972 δὲ
340 1914 527 1985 ανταρκτικός
544 1938 572 1972 τε
589 1920 638 1972 καὶ
654 1913 780 1987 α’φανής·
803 1918 885 1984 λοξὸς
903 1914 935 1971 δέ
952 1925 1013 1981 τοῖς
1030 1916 1103 1987 τρισὶ
1118 1916 1214 1988 μέσοις
1232 1939 1247 1973 ο
1266 1940 1314 1973 κα-

173 1987 313 2057 λούμενος
329 1983 468 2052 ζωδιακὸς
485 1982 692 2057 ὑποβέβληται,
715 1981 928 2053 παρεπιψαύων
944 1989 1000 2040 τοῖν
1016 1988 1109 2055 μέσων
1125 1990 1224 2054 τριῶν·
1242 1984 1314 2041 πόν-

172 2076 221 2118 τας
234 2048 376 2115 δἀότοός
385 2048 401 2108 ό
410 2053 608 2125 μισηριβρινός
620 2051 691 2122 πρός
704 2050 797 2121 ὀρθός
810 2047 868 2108 α’πό
880 2056 937 2107 τῶν
948 2047 1062 2123 ἄρκτων
1075 2049 1121 2109 brt
1135 2053 1165 2109 τό
1179 2051 1316 2122 ἀντίξουν

172 2122 278 2186 τέμνει.
305 2118 485 2205 Πυθαγόρας
497 2126 606 2190 πρῶτος
624 2120 840 2190 ἐπινενοηκέναι
859 2119 889 2176 λέ
909 2140 968 2175 εται
986 2119 1041 2192 τήν
1058 2118 1175 2190 λόξωσιν
1198 2127 1248 2178 τοῦ
1266 2128 1314 2189 ζω-

174 2193 278 2247 διακοῦ
290 2186 408 2256 κόκλου,
420 2210 523 2260 ηντινα
537 2189 699 2260 Οἰνοπίδης
711 2185 727 2243 ό
740 2193 768 2243 Χ
768 2197 811 2252 ῐος
822 2185 860 2252 σός
873 2140 955 2244 ἰόίαν
968 2186 1101 2244 ἐπινοίαν
1113 2194 1313 2259 σφετερίζεται.

175 2264 217 2314 ΙΙΙ
232 2263 275 2313 Ητ
293 2253 476 2344 Πυθαγόρας
498 2255 551 2328 τὴν
573 2261 628 2329 γῆν
644 2252 791 2326 οἷναλόγως
813 2260 849 2327 τῇ
866 2261 917 2312 τοῦ
934 2255 1040 2320 παντὸς
1059 2253 1186 2325 οόρανού
1206 2267 1315 2331 σφαῖρα

177 2330 333 2398 διῃρῆσθαι
346 2325 389 2411 εἰς
402 2343 486 2380 πεντε
499 2324 598 2395 ζσόνας,
614 2319 754 2395 όρκτικὴν
765 2322 888 2395 θερινὴν
901 2322 1066 2396 χειμερινὴν
1082 2325 1252 2396 ἰσημερινήν
1265 2322 1313 2381 α’ν-

175 2392 337 2465 ταρττικήν·
359 2414 401 2448 ων
417 2389 436 2463 ἡ
452 2395 523 2464 μέση
544 2393 576 2449 τό
592 2392 680 2464 μέσον
697 2397 747 2456 τ”ς
765 2397 816 2464 γῆς
834 2388 932 2516 ὁρίξει,
951 2392 1009 2462 παῤ
1030 2387 1100 2448 αότό
1117 2397 1201 2449 τοῦτο
1220 2398 1314 2449 διακε-

173 2461 301 2546 καυμένη
314 2461 492 2547 καλουμένη·
509 2460 580 2543 sifi}
597 2453 699 2532 οἰκητή
712 2413 807 2529 istra,
826 2458 843 2532 ἡ
861 2483 880 2532 μ
897 2480 932 2532 ση
949 2464 1000 2532 τῆς
1017 2464 1137 2532 θερινῆς
1155 2465 1203 2516 καὶ
1223 2483 1314 2532 χειμε-

172 2551 267 2602 ρινης,
293 2548 432 2599 ευκρατος
451 2551 493 2592 τις
512 2549 593 2586 ουσα.
611 2535 648 2585 ef.
660 2534 790 2584 Geminus
806 2535 876 2598 isag.
892 2533 921 2583 12
937 2552 962 2600 p.
975 2533 1058 2598 ltlsq.
1079 2534 1202 2583 Achilles
1216 2536 1314 2584 'I'ntius

172 2605 239 2668 isar.
257 2603 293 2653 29
311 2620 336 2668 p.
356 2601 404 2652 153
418 2618 448 2667 sq
469 2639 475 2651 .
494 2603 528 2652 de
546 2603 656 2653 circulis
669 2603 707 2651 XI
720 2604 748 2650 ln
761 2603 915 2652 universum
929 2603 988 2665 agit
1000 2603 1070 2651 idem
1085 2619 1144 2667 eap.
1157 2602 1199 2661 λ’),
1213 2603 1246 2652 sle.
1259 2605 1312 2651 sin-

170 2667 240 2737 gulis
253 2672 319 2721 iude
334 2687 350 2720 a
366 2687 426 2735 cap.
438 2619 478 2720 Il.
503 2670 642 2736 Ampelius
655 2672 667 2719 I
680 2671 708 2718 l:
729 2670 852 2719 ‘Caelum
865 2671 995 2721 diuiditur
1011 2671 1038 2719 in
1052 2670 1168 2720 circulos
1182 2671 1313 2734 quinque:

171 2741 305 2790 aretieum
319 2744 346 2788 et
361 2740 557 2801 antarcticum,
576 2739 620 2803 qui
639 2739 673 2787 eb
692 2738 802 2787 nimiam
821 2739 874 2787 uim
894 2738 1004 2801 frigoris
1022 2738 1220 2788 inhabitabiles
1237 2747 1312 2798 sunt3

170 2807 419 2874 aequinoctialem,
443 2809 486 2856 eui
508 2808 635 2857 subiacet
657 2807 733 2870 regio
757 2821 827 2870 (luae
845 2800 1080 2872 κατακεκαυμένη
1104 2807 1204 2856 dieitur
1225 2823 1312 2870 neque

170 2877 300 2927 incolitur
312 2874 347 2923 ob
360 2875 471 2925 nimiam
483 2876 537 2924 uim
551 2875 668 2932 ardoris;
684 2874 833 2923 brumalem
847 2880 874 2923 et
886 2873 1074 2936 solstitialem,
1093 2875 1142 2923 sub
1156 2875 1252 2939 quibus
1265 2874 1312 2924 hu·

170 2944 286 3004 hitatur;
300 2949 365 2991 suut
378 2942 449 2991 eninr
462 2942 694 3008 temperatissimi,
707 2958 756 3006 per
765 2957 831 3006 (pros
842 2942 947 2992 oblicus
961 2942 1078 2991 eireulus
1088 2943 1165 2991 uadit
1178 2958 1237 2992 eum
1248 2943 1312 2993 ‹luo-

170 3012 256 3062 decim
268 3011 367 3074 signis.
381 3010 409 3057 lu
421 3012 518 3074 quibus
531 3011 571 3060 sol
586 3026 703 3060 annuum
717 3010 828 3058 eoulicit
842 3008 967 3059 cursum)
986 3010 1112 3074 Hyginus
1125 3012 1154 3059 P.
1166 3011 1188 3060 A
1199 3012 1211 3060 I
1224 3011 1240 3058 s
1257 3011 1312 3060 l’li-

172 3077 430 3130 urusN.}1.1117·2
454 3079 609 3128 Macrobius
627 3085 679 3127 sat.
693 3079 719 3126 11
738 3078 877 3138 5,tl›-·l‘2
906 3077 1017 3127 Servius
1042 3094 1136 3142 gerne.
1155 3080 1167 3127 I
1186 3078 1235 3129 2³3
1253 3095 1311 3144 srrq.

172 3148 289 3198 Isidorus
305 3146 393 3210 origg.
406 3146 445 3195 lII
456 3146 489 3197 43
499 3147 566 3196 XIII
579 3145 603 3196 ll.
612 3174 643 3181 —
656 3145 780 3195 Achilles
790 3146 887 3195 'latius
902 3147 970 3207 ἰτέης.
982 3146 1015 3194 ab
1030 3144 1115 3209 11:154
1126 3162 1179 3211 τηε
1194 3141 1313 3214 Μέμνη-

172 3231 210 3266 ται
224 3210 256 3267 a}
271 3213 332 3264 τεόν
346 3211 440 3275 ζωνῶν
452 3207 559 3264 τούτων
571 3210 619 3264 καὶ
629 3204 837 3278 Ἐρατοσθένης
851 3205 882 3263 έν
894 3205 1028 3278 τῴἙρμῄ
1042 3207 1138 3277 λέγων·

323 3310 409 3365 πέντε
423 3308 454 3365 δέ
468 3309 499 3364 αἱ
511 3312 596 3377 ζῶναι
610 3307 788 3380 περιειλόδες
802 3307 994 3394 ἒσπείρηνται,

323 3376 358 3432 αἴ
369 3375 422 3433 ato
435 3376 487 3445 μέν
499 3384 635 3448 γλαυκοῖο
648 3376 843 3448 κελαινότεραι
856 3398 986 3439 κοανοιο,

321 3441 341 3531 'l
356 3443 388 3501 δέ
401 3449 453 3516 μία
466 3443 590 3517 ψαφαρή
603 3467 632 3501 τε
649 3448 699 3501 καλ
713 3442 742 3501 έκ
756 3445 845 3515 πυρός
858 3446 922 3501 οἷον
936 3441 1055 3515 ἰρυθρὴ.

323 3537 341 3584 η
356 3511 409 3584 μέν
423 3513 474 3600 έην
485 3513 601 3584 μεοοὶτη,
616 3511 750 3569 έκέκαυτο
765 3513 796 3569 δέ
810 3518 887 3568 πάσα
900 3512 1022 3593 περιπρὸ

322 3602 482 3652 τοπτομενη
496 3589 675 3652 φλογμοίσιν.
689 3589 706 3647 †
718 3580 925 3653 έπιρασμοῑραν
938 3577 985 3636 υπ’
998 3576 1089 3652 αότην

322 3649 486 3719 κεκλιμέναι
499 3645 612 3713 α’κτίνες
625 3645 773 3721 αἐιθερέες
786 3648 937 3720 πυρόωοιυ,

322 3716 357 3772 αι’
369 3715 400 3771 δέ
413 3715 472 3772 δόω
486 3714 624 3786 έκοίτερθε
638 3717 735 3782 πόλοις
748 3726 980 3789 περιπεπτηυῐαι,

321 3785 369 3840 cisi
382 3785 534 3855 φρικαλέαι
547 3782 593 3842 αἐλ
608 3784 634 3841 δ’
646 3781 732 3842 ainau
747 3788 901 3843 κοτέουσιν.

253 3974 264 4024 1
286 3961 426 4021 habitare
442 3961 482 4020 ibi
501 3966 526 4019 B
546 3958 559 4045 ΙΙ
582 3963 620 4021 ad
635 3961 698 4020 AB·
721 3959 734 4044 ll
757 3973 774 4024 λ
793 3961 1056 4041 septemtrionales
1073 3958 1114 4017 B²
1129 3957 1142 4043 ll
1158 3963 1262 4021 eireuli
1280 3975 1307 4022 et

171 4048 309 4108 australis
323 4046 381 4105 sibi
396 4052 420 4104 A
439 4042 452 4127 Η
474 4049 621 4107 australes
641 4046 677 4106 13²
701 4045 713 4127 Η
736 4049 792 4106 sibi
804 4048 921 4106 -solis
937 4069 988 4105 om.
1009 4044 1062 4128 ΒΗ
1077 4057 1094 4109 3
1111 4049 1189 4105 eirsu
1212 4045 1246 4105 A*
1264 4044 1309 4128 ll*

171 4135 281 4210 frigere
296 4128 363 4190 ΒΑ2
379 4125 392 4213 ΙΙ
408 4133 417 4190 l
432 4156 496 4191 ιτιι
514 4133 560 4192 dis
576 4131 614 4191 ἰίι
633 4131 645 4214 ll
661 4147 676 4195 ὁ
690 4133 882 4192 solestieialis
902 4130 936 4191 ΑΙ
955 4133 1139 4192 solisticialis
1154 4129 1215 4189 Bas-³
1227 4143 1254 4189 cl
1268 4138 1307 4190 ito

171 4228 288 4293 uterque
309 4236 424 4292 seraper
456 4220 560 4278 soleat.
583 4223 607 4276 Ε
626 4237 738 4291 serrrpcr
768 4219 851 4276 solst.
875 4221 901 4275 Ι)
918 4237 1031 4292 senrprr
1047 4215 1060 4299 ll
1075 4219 1104 4275 iu
1126 4215 1161 4273 B*
1179 4212 1191 4297 ll
1207 4226 1223 4277 6
1238 4237 1307 4275 eou-

170 4303 286 4362 loeatus
307 4313 355 4362 est
370 4306 397 4360 B
418 4299 431 4385 {l
457 4307 518 4367 tin
533 4301 567 4362 ΑΙ
593 4302 605 4384 ll
622 4303 748 4363 australi
760 4300 798 4362 B¹
823 4298 836 4384 ll
856 4313 874 4366 8
892 4304 1034 4396 {rigerem
1048 4266 1197 4382 Βίνίἳᾳθ
1223 4303 1306 4377 Vero.

169 4408 264 4464 γεοτη.
281 4392 299 4447 I
316 4395 371 4446 237
