2964 5002
169 361 231 423 320
457 374 652 415 cerauouvu
674 374 841 415 mauoavu
865 376 1040 424 aanrnvma

169 520 321 604 regnauit
350 541 454 583 anuos
481 515 683 582 XXXVIII.
733 519 786 583 hie
814 542 885 585 eum
915 521 1131 587 fundamenta
1161 522 1322 608 Capitolii
1356 537 1361 546 ·

168 629 302 686 caueret
324 621 451 684 inuenit
473 629 571 706 caput
596 620 773 684 humanum
797 620 915 687 litteris
938 620 1054 685 Tuscis
1078 624 1239 708 seriptum
1262 638 1322 686 ca-

169 739 245 787 Pv'r.
269 737 359 785 otte.
383 735 504 805 sauls,
527 721 614 785 uude
637 721 799 808 hodieque
820 723 1017 809 Capitolium
1037 723 1235 811 appellatur.
1266 725 1321 788 liic

168 825 258 911 prior
280 823 436 886 Romanis
462 821 528 886 duo
555 824 649 908 paria
675 822 895 907 gladiatorum
923 824 1043 907 edidit,
1075 846 1159 911 quae
1189 847 1320 911 compa·

169 928 254 990 ruuit
270 947 328 1013 per
342 945 444 989 annos
465 923 612 987 XXVII.
644 938 788 988 saevius
806 942 954 991 rt'nnlvs
974 946 1072 991 serua
1088 937 1186 991 nutus
1200 947 1342 1009 regna-s

168 1030 217 1092 uit
233 1050 309 1092 ann.
326 1025 470 1090 XLIIII.
503 1025 556 1091 hic
574 1036 685 1090 uotum
704 1026 784 1090 feeit
801 1037 838 1091 ut
853 1036 1010 1114 quotquot
1024 1049 1129 1093 annos
1144 1037 1322 1112 regnasset

168 1139 216 1195 tot
238 1132 322 1194 ostia
346 1128 390 1193 ad
408 1128 611 1193 frumentum
633 1126 800 1213 publicum
826 1131 1049 1194 constitueret.
1099 1146 1317 1204 uauQvtntvs

169 1247 345 1296 surussvs
364 1231 517 1315 regnauit
537 1251 614 1293 anu.
637 1228 748 1293 XXV.
784 1230 839 1295 bie
859 1231 949 1316 prior
970 1215 1157 1296 bourinibus
1178 1230 1317 1298 adiuue-

168 1336 218 1397 nit
232 1333 409 1398 lautumias
431 1340 592 1396 tormenta
607 1331 711 1396 fustes
732 1331 866 1397 metalla
879 1330 1013 1415 flagella
1030 1354 1181 1399 carceres
1201 1333 1315 1398 exilia.

168 1436 240 1521 ipse
255 1435 344 1521 prior
358 1430 494 1497 exilium
516 1434 645 1497 meruit.
665 1424 752 1496 inter
767 1431 853 1497 duos
865 1443 982 1519 pontes
993 1455 1015 1497 a
1029 1434 1151 1521 populo
1167 1433 1350 1497 Romanoa

168 1536 256 1601 iuste
275 1543 435 1599 uractatus
448 1533 525 1618 (est)
539 1542 571 1598 et
586 1536 713 1619 pesitus
732 1534 767 1596 iu
782 1535 870 1601 circo
888 1538 1032 1602 maximo
1048 1536 1110 1600 aub
1129 1534 1315 1622 delphinos.

168 1711 247 1763 errius
265 1707 389 1773 germani
408 1705 510 1756 seruuli
528 1705 586 1755 uita
606 1706 689 1756 ruent
707 1705 842 1771 spoliatus
860 1712 889 1757 et
904 1706 1017 1770 lumine,
1036 1708 1101 1773 quid
1118 1708 1153 1759 de
1165 1709 1225 1759 suia
1244 1724 1316 1760 com-

168 1779 298 1828 meruerit
315 1775 435 1835 ciuibus,
459 1779 489 1823 ut
512 1774 539 1822 ei
561 1775 599 1824 sit
616 1774 758 1838 abnegata
776 1775 884 1825 telluris
901 1781 1035 1841 pateruae
1052 1774 1216 1841 sepulturm’
1252 1777 1314 1828 Ser·

167 1847 229 1898 vius
246 1848 315 1895 Aen.
335 1844 402 1893 VIII
420 1840 483 1892 stt:
508 1841 637 1904 ‘Quidum
655 1842 752 1896 dieunt
770 1858 832 1892 eum
846 1843 977 1909 ¹capitolii
994 1844 1042 1894 ubi
1060 1860 1133 1894 nune
1152 1851 1197 1895 est
1216 1845 1314 1897 tunda-

168 1918 262 1963 menta
279 1913 452 1971 iacerentur,
477 1915 561 1974 eaput
580 1910 724 1959 humanum
748 1911 819 1974 quod
838 1910 896 1961 Olli
917 1911 1057 1963 diceretur
1078 1914 1239 1975 inuentum..
1262 1930 1315 1980 qno

167 1996 261 2032 omnus
283 1979 450 2029 sollicitatos
473 1977 630 2027 conditores
652 1978 761 2028 misisse
784 1979 821 2029 ad
843 1979 974 2030 Tusciam
998 1981 1033 2030 ad
1056 1981 1214 2046 nrurpIeem
1237 1981 1315 2033 illius

167 2048 298 2113 temporis
316 2047 501 2106 nominatum,
521 2047 568 2110 qui
585 2047 642 2095 iam
660 2046 837 2096 Iudicauerat
853 2048 928 2112 Argo
942 2047 1002 2113 ,titio
1019 2063 1069 2099 suo
1087 2051 1220 2099 tributum
1240 2052 1315 2101 fata.

167 2117 232 2167 liter
250 2131 320 2177 ease,
340 2121 370 2164 ut
389 2115 412 2165 ia
430 2113 508 2164 loeus
526 2113 587 2163 orbi
605 2114 755 2178 imperaret
772 2115 801 2163 iu
819 2130 872 2178 quo
891 2106 960 2165 illud
975 2122 1061 2182 eaput
1072 2117 1313 2177 essetiuuentum.

168 2186 244 2234 obuii
262 2185 347 2250 igitur
364 2184 437 2247 Argo
455 2182 484 2231 hi
507 2182 553 2246 qui
576 2183 653 2230 missi
672 2188 765 2244 erant,
784 2182 897 2233 ubinam
915 2188 991 2234 asset
1008 2192 1102 2249 pater,
1121 2185 1313 2252 interrogaue-

168 2258 244 2315 ruut‚
264 2252 310 2316 qui
334 2252 449 2317 cognitu
474 2265 560 2299 eausa
581 2250 691 2299 itineris
721 2264 814 2299 eorum
841 2266 920 2301 omne
950 2266 1110 2316 responsum
1134 2255 1225 2317 patris
1253 2271 1313 2321 pro-

167 2321 238 2371 didit
255 2320 413 2384 monuitque
431 2323 462 2367 ut
480 2325 612 2367 canerent
629 2332 664 2367 ne
684 2319 718 2368 ab
741 2334 774 2366 ee
797 2319 1017 2383 interrogatione
1035 2320 1241 2385 deciperentur.
1264 2323 1314 2373 aad

168 2406 229 2440 eum
254 2388 343 2455 legati
366 2387 401 2436 ad
424 2401 485 2435 eum
508 2385 701 2450 peruenissent
727 2391 756 2434 et
783 2385 817 2435 de
841 2386 1049 2450 significatione
1072 2388 1182 2438 inuenti
1210 2393 1315 2456 capitis

168 2462 343 2523 quaererent,
362 2454 458 2504 uolens
476 2454 523 2503 iile
542 2454 711 2503 dominatum
728 2452 803 2503 orbis
822 2455 932 2519 patriae
949 2470 1018 2507 suae
1041 2457 1133 2520 potius
1151 2457 1313 2511 adscribere

167 2525 358 2590 interrogauit,
380 2537 449 2572 aune
468 2521 523 2582 bic,
543 2521 632 2571 locum
650 2536 729 2571 suum
746 2522 904 2583 ostendens,
921 2525 1102 2574 inuenissent.
1138 2524 1196 2575 illis
1208 2543 1315 2591 negan-

168 2596 242 2643 tibus
260 2593 416 2656 auspicatus
433 2590 569 2655 preditum
588 2605 649 2639 esse
666 2605 826 2654 responsum
846 2592 986 2655 quaesiuit
1003 2606 1040 2640 an
1052 2593 1187 2656 quendam
1200 2596 1314 2646 obuium

169 2664 315 2721 fecissent,
342 2658 398 2707 illis
416 2657 580 2722 simpliciter
603 2657 798 2708 confitentibus
821 2659 975 2708 occurrisse
999 2659 1220 2725 sibi-iuuenem,
1247 2670 1313 2714 tune

169 2744 286 2793 aruspex
306 2740 456 2776 conscenso
475 2740 545 2789 equo
564 2731 675 2774 secutus
693 2727 793 2789 Argum
812 2727 916 2776 eccidit
934 2742 967 2776 so
986 2725 1047 2777 loeo
1065 2728 1113 2777 ubi
1132 2744 1205 2778 nune
1225 2731 1314 2781 Roma

169 2803 223 2855 eat,
250 2813 266 2844 a
289 2795 366 2844 caius
390 2793 475 2842 caude
499 2791 669 2858 Argiletum)
706 2795 802 2843 Liviam
827 2795 862 2844 ab
886 2796 952 2844 urbe
972 2795 1180 2845 eondita155:
1207 2799 1314 2864 ‘Caput

157 2864 313 2927 burrianum
336 2863 445 2925 integra
465 2862 538 2910 faeie
563 2862 752 2925 aperientibus
778 2863 957 2911 fundamenta
981 2862 1077 2927 templi
1098 2863 1201 2913 dieitur
1226 2883 1313 2933 appu-

167 2933 268 2980 ruisso:
289 2945 358 2992 quac
378 2930 439 2977 rrisu
458 2929 566 2993 speeies
586 2929 656 2978 lraud
675 2945 725 2993 per
743 2931 875 2995 ambages
895 2946 987 2980 arcem
1006 2947 1067 2980 earn
1086 2932 1195 2997 imperii
1215 2942 1313 3000 caput-

168 3016 219 3062 que
244 3013 333 3046 rerum
357 2997 415 3046 sore
434 2997 625 3061 pertundebat.
666 2997 748 3061 idque
772 3000 814 3046 ita
832 3000 959 3048 cecinere
976 3006 1058 3049 uates
1076 3001 1176 3064 quique
1196 3003 1223 3050 iu
1245 3004 1312 3052 urbe

168 3071 247 3115 eraut
266 3081 385 3130 quosque
406 3065 440 3113 ad
460 3082 520 3114 earu
539 3081 596 3114 reni
615 3065 824 3115 consultandum
843 3083 877 3116 es
890 3068 999 3116 Etruria
1019 3067 1199 3118 accinerant’

251 3136 267 3183 5
286 3150 343 3197 sqq.
363 3133 489 3182 Aurelius
504 3134 600 3182 Victor
617 3133 650 3181 de
669 3133 736 3183 viris
754 3134 908 3183 illustribus
926 3135 955 3183 7:
983 3135 1100 3197 (Semina
1123 3136 1229 3197 Ibllr'ua}
1249 3138 1312 3204 ‘po—

166 3202 259 3266 pulum
283 3203 311 3250 iu
335 3207 452 3265 quatuor
478 3200 565 3250 tribus
593 3201 733 3250 distribuit
762 3217 795 3251 ue
818 3209 879 3266 post
900 3203 976 3267 plebi
999 3203 1140 3252 distribuit
1163 3221 1311 3256 annonam.
1346 3221 1358 3237 ·’

168 3286 309 3320 mensuras
327 3269 450 3335 pondera
468 3269 573 3319 classes
592 3270 786 3333 centuriasque
805 3270 968 3321 coustituit!

251 3339 265 3386 7
279 3354 337 3403 sqq.
351 3337 488 3387 Eusebius
501 3353 603 3387 arrucn.
618 3337 660 3385 01.
674 3336 716 3399 58,
734 3339 764 3385 2:
790 3338 965 3403 ‘Tarquinius
979 3338 1119 3404 Superbus
1137 3344 1314 3407 excogitauit

165 3407 278 3456 uincula
299 3406 417 3455 uerbera
439 3422 538 3456 aientes
562 3421 689 3455 carceres
716 3407 856 3455 custodias
881 3407 1027 3472 compedes
1053 3406 1171 3458 collaria
1194 3419 1313 3461 catenas

166 3475 252 3524 exilia
264 3475 457 3524 damnationes
470 3474 505 3524 ad
518 3471 650 3523 metalla)
685 3474 870 3537 Hieronymus
887 3475 930 3525 01.
950 3475 997 3536 58,
1019 3475 1044 3524 l:
1066 3476 1243 3540 ‘Tarquinius
1263 3479 1312 3528 Su-

165 3545 265 3608 perbus
284 3544 456 3606 excogitauit
472 3541 583 3591 uincula
601 3548 712 3591 taureas
731 3542 818 3592 tristes
837 3543 985 3593 lautumias
1004 3559 1132 3593 carceres
1151 3545 1237 3594 exilia
1256 3563 1311 3596 rue·

166 3613 234 3661 talia
254 3611 399 3676 compedes
424 3618 452 3659 et
475 3608 608 3660 catenas.’
651 3610 769 3659 Ioannes
792 3612 981 3661 Autioebeuua
1000 3611 1120 3674 (Miiller.
1145 3614 1226 3678 Irgua.
1247 3615 1311 3664 hist

165 3696 258 3744 grace.
278 3681 379 3743 1111p.
399 3678 475 3743 553):
494 3671 585 3743 δεσμά
603 3692 633 3728 τε
651 3674 701 3728 καὶ
740 3674 858 3743 destruc
877 3673 991 3741 storeis
1010 3678 1143 3741 ξυλίνους
1161 3677 1212 3730 καὶ
1230 3682 1311 3746 ordn-

183 3747 233 3806 οῦς
251 3744 342 3805 πέδας
359 3738 474 3805 ἁλύσεις
485 3740 609 3813 μέταλλα
627 3742 677 3796 καὶ
696 3694 814 3808 ἕέζρίαα
832 3739 971 3811 ipseper.
1008 3749 1148 3797 (fedrenus
1166 3749 1179 3797 I
1198 3766 1223 3813 p.
1245 3751 1311 3800 26⁸2:

165 3765 263 3880 dissipa
288 3811 378 3879 δεσμὰ
402 3807 542 3880 μάστιγας
565 3807 636 3876 ξύλα
660 3808 774 3878 εἰρκτὰς
792 3808 925 3879 φυλακὰς
943 3809 1058 3873 alurede
1080 3812 1172 3874 πέδας
1195 3809 1313 3876 ἁλύσεις

165 3877 279 3947 llantur
297 3878 430 3948 μέταλλα.
467 3884 593 3932 Isidorus
612 3883 698 3948 origg.
718 3883 741 3930 V
759 3883 800 3944 ¹27,
821 3883 867 3933 ¹23:
893 3887 950 3932 ‘cst
974 3891 1000 3932 et
1019 3884 1162 3933 lautumnu
1181 3887 1312 3951 supplicii

164 3968 252 4017 genus
271 3952 306 4000 ad
324 3951 525 4001 uerberaudum
545 3958 651 4017 aptum,
676 3952 816 4001 inuentum
836 3968 853 4000 a
871 3952 1023 4016 Tarquinio
1042 3952 1167 4016 Superbo
1192 3954 1227 4003 ad
1246 3971 1311 4020 poe·

171 4064 256 4072 --u-
264 4063 365 4071 .——-—-

251 4138 263 4189 1
281 4119 473 4201 XXXVIII]
487 4125 527 4198 cs.
538 4124 666 4182 Momms.
682 4127 699 4181 l.
716 4142 742 4184 c.
758 4119 771 4202 ll
787 4133 804 4184 2
818 4133 957 4194 caueret,
968 4124 1084 4183 inuenit
1099 4125 1312 4185 Mommseaus:

166 4208 300 4269 calcaret
316 4220 347 4268 et
368 4210 537 4268 inuenisset
557 4213 618 4267 cod.
635 4204 648 4289 ΙΙ
663 4221 678 4271 5
697 4207 846 4269 Seruilius
863 4214 926 4269 cod.
943 4206 988 4289 116
1007 4210 1135 4268 XLllIl
1159 4213 1311 4269 Mourmat-

165 4314 220 4353 nus
236 4297 287 4370 (cs.
307 4300 379 4352 idem
403 4298 423 4353 1.
444 4304 501 4365 e.):
533 4294 628 4353 XXV
648 4298 710 4352 cod.
733 4290 783 4376 ΗΒ
808 4295 966 4353 adiuuenit
981 4297 1192 4354 Mommsenus:
1226 4298 1311 4356 uenit

164 4384 227 4436 cod.
244 4376 258 4463 Η
276 4391 304 4442 11
324 4389 370 4438 est
382 4383 491 4438 addr'dr't
505 4381 697 4437 Mommseuus
