2964 5002
164 381 210 424 xu
655 375 810 420 Annum

233 528 283 579 267
303 529 394 580 adnot.
418 544 477 594 sup.
497 530 532 578 ad
550 529 648 592 fragm.
670 525 726 576 107.
744 526 861 591 Papias:
903 523 982 573 ‘lena
1000 538 1101 589 graece
1121 525 1241 574 amiotus
1258 523 1310 574 uss-

165 614 239 665 λοιιιιε
257 615 389 664 rotundus
411 612 525 678 duplex,
550 627 604 678 qua
622 611 735 661 infulati
754 610 833 672 (ι’τπκισ
852 607 1001 672 infibulati)
1025 608 1149 658 flamines
1167 607 1309 659 sacrifica·

166 701 243 751 bant.
272 699 353 750 huius
369 699 497 748 inventor
514 696 615 746 dicitur
632 697 746 745 Lenas.⁸
774 693 859 743 idem:
885 692 991 742 ‘Lenas
1009 693 1148 758 proprIum
1166 692 1310 744 cuiusdam

167 784 337 850 qui‘invenit
356 782 472 832 lenam.³
502 781 588 831 idem:
620 780 698 830 ‘lena
722 778 749 828 id
769 781 811 828 ost
829 773 918 827 coitu&
936 776 1021 839 (immo
1041 775 1182 840 amiotus),
1211 790 1310 840 sagum

167 868 301 935 quoddam
320 868 364 918 vel
382 865 479 932 pana:
511 865 547 915 ef.
567 863 651 914 schol.
671 864 729 914 Iuv.
750 860 861 913 111283
884 861 967 930 gloss.
987 861 1052 912 vat.
1070 860 1109 910 VI
1126 876 1152 927 p.
1172 859 1221 912 5³1
1241 859 1310 910 vm

166 969 191 1020 p.
212 952 346 1005 324Ma1.
367 950 455 1000 Gloss.
476 948 600 1014 Amplon.
618 964 644 1012 p.
664 946 713 998 347
732 963 757 996 n.
777 946 819 997 41,
1219 928 1229 946 ⁹

233 1036 284 1088 273
303 1037 338 1086 cs.
359 1034 485 1085 addenda
503 1033 538 1083 οδ
556 1049 581 1099 p.
600 1031 659 1082 455.

233 1119 297 1183 279,
317 1121 332 1170 7
350 1136 400 1186 pro
418 1120 494 1168 animi
510 1116 601 1168 scribo
620 1132 654 1166 ex
672 1116 695 1165 θ
712 1112 724 1178 (
746 1150 752 1163 .
772 1114 834 1164 adn.
853 1113 927 1179 sup.)
945 1120 1037 1164 autem.

234 1203 284 1257 308
302 1189 335 1254 δε
354 1203 380 1254 Β
398 1202 493 1252 codice
513 1202 549 1252 of.
568 1199 717 1251 Lerschius
736 1203 791 1249 ant.
811 1198 879 1249 diat.
901 1196 967 1248 1840
984 1214 1011 1264 p.
1030 1197 1145 1264 30οεηη.

234 1287 285 1339 310
302 1304 373 1353 pone
391 1302 501 1338 crucem
520 1290 584 1336 ante
601 1288 664 1335 εἰπε.
783 1301 792 1314 ·

234 1371 298 1434 300,
317 1371 350 1423 23
369 1372 436 1422 tolle
455 1386 563 1421 erucem
582 1374 646 1420 ante
663 1371 782 1434 γεοκκίει
804 1381 910 1432 granna
928 1366 1002 1416 enim
1019 1367 1099 1432 palus
1118 1373 1169 1418 σοι.
1207 1367 1244 1418 cf.
1264 1367 1308 1417 Du

167 1457 263 1522 Gange
282 1472 302 1506 s.
322 1472 347 1506 v.
367 1456 482 1522 grunda.

234 1540 298 1603 320,
317 1542 398 1606 7sqq.
423 1541 485 1593 adn.
509 1554 568 1606 sup.
593 1537 662 1588 adde
681 1538 787 1604 Lydum
811 1536 845 1588 (1ο
867 1536 1008 1589 mensibus
1025 1536 1079 1589 1111
1097 1536 1130 1587 λλ
1149 1541 1178 1588 et
1194 1535 1309 1586 suidam

167 1641 188 1676 ε.
208 1641 233 1677 v.
253 1616 426 1691 Σούπερβος.

234 1709 412 1771 332,3(1ο1ο
432 1722 492 1757 cum
511 1707 544 1757 Ο.
564 1707 660 1757 Iahnio
680 1709 843 1773 quorundam.

235 1793 298 1856 338,
317 1794 333 1844 5
351 1789 537 1858 Stesichorus]
558 1796 572 1842 1
591 1791 689 1856 Βετγίι.

234 1876 329 1942 338εη.
349 1878 412 1927 adn.
432 1891 491 1941 sup.
505 1877 623 1927 Ioannes
636 1875 756 1926 Malalas
773 1892 799 1941 p.
816 1875 923 1940 175εη,ι
953 1867 1003 1926 τόν
1021 1869 1053 1926 δὲ
1073 1868 1192 1926 ἱππικόν
1210 1862 1308 1941 άγάινα

167 1961 268 2014 τοῦτον
287 1954 422 2028 ἐπενόησε
440 1960 549 2027 πρῶτος
563 1952 711 2021 Ἐνυάλιός
729 1978 771 2020 τις
789 1951 922 2026 ὀνόματι,
941 1952 1005 2019 νίός
1023 1958 1216 2023 Ποσειδῶνος,
1236 1951 1308 2025 άγα-

167 2039 286 2114 γόμενσς
304 2039 357 2113 τὴν
371 2038 496 2112 Διβύην,
516 2041 664 2112 θυγατέρα
682 2044 732 2112 τῆς
744 2037 817 2104 Ἰούς
835 2043 884 2097 καλ
908 2042 957 2097 τού
976 2043 1070 2096 Πίκσν
1088 2035 1170 2109 Διός,
1189 2033 1221 2102 ός
1239 2061 1307 2107 κρα-
1358 2086 1361 2093 .

166 2123 254 2197 τήσας
272 2123 307 2182 τά
325 2125 503 2198 μεσημβρινὰ
526 2125 597 2198 μέρη
621 2122 736 2182 ἐκάλεσε
757 2122 811 2195 τὴν
832 2120 924 2195 αύτὴν
948 2120 1041 2196 χάραν
1059 2119 1090 2178 ἐν
1108 2114 1126 2193 ᾗ
1143 2119 1307 2193 ἐβασίλευσε

166 2207 276 2282 Λιβύην
294 2212 336 2276 είς
353 2205 445 2282 ὄνομα
467 2214 517 2282 τῆς
540 2205 629 2267 αύτού
652 2205 796 2281 γυναικός.
833 2206 884 2266 τόν
907 2209 939 2266 δὲ
965 2202 1054 2266 αὐτόν
1073 2204 1191 2263 ίππικόν
1209 2202 1307 2278 ἀγῶνα

167 2291 343 2360 ὁΈννάλιος
361 2290 466 2375 ἅρμασι
485 2291 618 2359 διπῶλοις
637 2292 755 2365 ἐφεύρε,
780 2291 879 2358 καθάς
902 2297 992 2352 ταῦτα
1015 2289 1215 2364 σννεγράψαπο
1232 2299 1308 2351 Καλ-

166 2385 285 2451 λίμαχος
302 2375 318 2436 ὁ
337 2377 426 2449 σοφός
444 2376 475 2436 έν
493 2387 557 2444 ταῖς
575 2380 687 2443 Αίτίαις
705 2375 802 2436 αὑτοῦ.
833 2381 882 2435 καλ
901 2375 1000 2435 λοιπόν
1018 2374 1080 2450 μετ’
1099 2373 1188 2433 αύτόν
1205 2373 1220 2434 ὁ
1235 2374 1309 2447 Ἐρι-

167 2461 286 2536 χθόνιος
305 2461 448 2521 ἐπετέλεσε
467 2461 516 2520 τόν
533 2460 622 2520 αὐτόν
644 2461 741 2534 άγάνα
759 2458 865 2533 ἅρμασι
888 2458 1089 2532 τετραπάλοις·
1126 2459 1173 2517 διό
1191 2463 1240 2516 καλ
1259 2482 1308 2518 πε-

167 2545 298 2621 ριβόητος
313 2547 448 2621 ἐγένετο,
473 2545 555 2604 καθά
579 2544 611 2604 ἐν
633 2556 697 2612 ταῖς
720 2543 883 2616 Χάρακος
906 2544 1060 2618 ἐμφέρεται
1084 2545 1235 2614 ἴστορίαις·
1267 2539 1308 2610 4ὃς

168 2631 367 2706 σονεγράψατο
389 2636 438 2690 καλ
461 2635 565 2701 ταῦτα,
588 2626 632 2688 ότι
655 2637 705 2688 τοῦ
730 2630 922 2702 ἱπποδρομίαν
945 2627 977 2687 τό
1000 2635 1105 2699 κτίσμα
1129 2630 1170 2694 είς
1189 2627 1241 2701 τὴν
1258 2633 1309 2686 τοῦ

168 2714 275 2790 κόσμου
293 2721 435 2790 διοίκησιν
453 2713 643 2789 ᾠκοδομήθη,
667 2711 745 2772 τοῦτ’
764 2711 822 2771 ἐστὶ
841 2719 891 2772 τοῦ
908 2710 1033 2785 ούρανοῦ
1050 2717 1100 2770 καλ
1123 2719 1173 2785 τῆς
1190 2718 1243 2786 γῆς
1261 2717 1310 2772 καλ

168 2806 219 2872 τῆς
237 2799 398 2872 θαλάσσης·
434 2799 485 2867 τάς
508 2801 540 2858 δὲ
564 2797 689 2857 δεκαδύο
712 2794 805 2869 θύρας
832 2796 898 2864 τούς
921 2796 1035 2856 δώδεκα
1058 2803 1158 2862 οίιιους
1181 2794 1309 2869 ἱστόρησε

168 2887 218 2941 τού
236 2887 376 2951 ζωδιακοῦ
394 2887 444 2941 τού
462 2889 638 2949 διοικοῦντος
657 2882 709 2956 την
727 2887 781 2956 γῆν
805 2887 855 2941 καλ
881 2881 933 2956 τὴν
951 2883 1102 2939 θάλασσαν
1119 2884 1169 2938 κοιλ
1188 2884 1242 2939 τάν
1260 2879 1310 2938 άν-

168 2965 292 3038 θράπαν
314 2965 363 3023 τόν
384 2968 543 3038 παροδικόν
567 2973 617 3026 τοῦ
640 2970 704 3040 βίον
728 2965 843 3039 δρόμον.
885 2965 917 3025 τό
941 2967 973 3024 δέ
996 2967 1090 3039 πέλμα
1118 2968 1168 3024 τοῦ
1191 2966 1312 3024 ίππικού

168 3050 221 3122 τὴν
239 3056 293 3123 γῆν
310 3055 406 3108 πᾶσαν
425 3052 515 3123 εἶναι,
535 3051 585 3110 τόν
603 3054 634 3109 δέ
655 3046 782 3122 Εύριπον
800 3049 853 3124 τὴν
875 3049 1027 3108 θάλασσαν
1049 3047 1104 3108 ύπό
1124 3055 1173 3123 τῆς
1191 3055 1243 3123 γῆς
1261 3071 1310 3121 με·

168 3135 339 3207 σαζσμένην,
359 3133 409 3193 τόν
427 3134 459 3194 δέ
478 3135 525 3194 ἐπὶ
544 3136 595 3202 τάς
613 3134 707 3208 θύρας
724 3134 855 3208 καμππόν
872 3133 925 3207 τὴν
944 3132 1101 3206 ἀνατολήν,
1122 3132 1181 3191 ’τόν
1205 3133 1237 3191 δέ
1263 3131 1310 3190 ἐπὶ

168 3218 221 3290 τὴν
239 3216 402 3292 σφενδόνην
419 3220 472 3294 την
490 3218 587 3293 δύσιν,
612 3219 646 3278 τά
665 3221 697 3278 δέ
717 3217 788 3278 έπτά
810 3216 916 3277 σπάτια
935 3216 985 3277 τόν
1002 3217 1110 3291 δρόμον
1128 3222 1177 3276 καλ
1196 3216 1249 3291 τὴν
1266 3223 1311 3274 κί-

168 3322 252 3374 νησιν
270 3308 320 3374 τῆς
338 3300 527 3376 ἀστρονομίας
546 3313 601 3363 τῶν
620 3302 691 3363 έπτά
709 3303 833 3375 άστέρσον
856 3309 907 3375 τῆς
930 3300 1054 3375 μεγάλης
1078 3298 1193 3374 άρκπον.
1224 3299 1258 3360 ‘0
1278 3302 1311 3359 δέ

163 3382 266 3458 Ῥῶμος
284 3385 414 3458 βασιλεὺς
432 3386 502 3457 πρὸς
520 3388 605 3460 τιμὴν
627 3392 677 3446 καλ
695 3386 782 3453 αύτός
804 3391 854 3445 τοῦ
873 3385 971 3445 Ἡλίου
994 3391 1044 3444 καλ
1068 3391 1123 3444 τόν
1145 3383 1196 3444 ὑπ’
1221 3382 1312 3444 αύτόν

168 3469 309 3539 τεσσάρων
326 3478 473 3544 στοιχείων
491 3470 540 3529 τόν
558 3470 654 3544 άγῶνα
673 3471 704 3531 ἐν
722 3479 756 3546 τῇ
770 3468 858 3545 Ῥάμη
876 3475 985 3542 πρῶτος
1004 3469 1121 3542 ἐφεῦρε,
1147 3473 1196 3529 καλ
1216 3468 1312 3528 ἐπετέ-

169 3562 249 3612 λεσεν
267 3552 298 3611 ἐν
316 3559 350 3625 τῇ
369 3548 443 3626 γ’άρᾳ
462 3561 512 3628 τῆς
536 3554 656 3628 δύσεως,
680 3552 744 3630 ἤτοι
766 3562 817 3629 τῆς
835 3553 959 3620 Ἰταλίας
982 3551 1088 3627 ἅρμασι
1114 3553 1310 3625 τετραπάλοις,

170 3636 248 3696 τοῦτ’
268 3636 326 3696 ἐστὶ
344 3643 378 3711 τῇ
396 3645 432 3711 γῇ
449 3643 498 3698 καλ
512 3646 545 3713 τῇ
558 3639 689 3714 θαλάσση
702 3644 751 3698 καλ
764 3644 802 3713 τῷ
814 3643 882 3710 πυρί
895 3644 945 3698 καὶ
957 3644 995 3714 τῷ
1007 3636 1078 3709 άέρι,
1103 3641 1151 3694 καλ
1165 3635 1311 3709 ἐπέθηκεν

167 3718 184 3778 ό
198 3717 301 3794 Ῥῶμος
319 3733 379 3788 τοῖς
397 3718 496 3789 αύιοίς
514 3722 625 3795 τετράσι
644 3731 794 3796 στοιχείοις
807 3722 842 3781 τά
855 3721 982 3797 ὀνόματα
998 3730 1089 3792 (immo
1103 3719 1258 3793 χρώματα),
1277 3727 1322 3794 τῇ

168 3811 204 3878 γῇ
222 3805 252 3863 τό
270 3804 409 3877 πράσινον
426 3808 524 3880 μέρος,
544 3804 561 3867 ό
578 3806 687 3866 ἔστιτὸ
706 3810 840 3880 γλσῶδες,
866 3812 900 3880 τῇ
918 3807 950 3864 δέ
968 3803 1114 3877 θαλάσση,
1139 3800 1155 3862 ό
1174 3803 1232 3863 ἐστι
1251 3815 1312 3871 τοῖς

168 3885 281 3962 ύδασιν,
301 3889 332 3947 τό
351 3892 471 3949 Βένετον
488 3894 572 3963 μέρος
590 3888 627 3957 ὦς
645 3889 761 3962 κνανόν,
781 3896 819 3961 τῷ
838 3893 870 3949 δὲ
888 3894 956 3961 πνρλ
973 3887 1004 3946 τό
1024 3886 1139 3960 ύούσισν
1156 3890 1255 3960 μέρος,
1276 3887 1313 3956 τός

169 3973 307 4047 ἐρυθρόν,
326 3979 364 4044 τῷ
383 3977 414 4032 δέ
434 3974 496 4047 άὲρι
514 3976 545 4033 τὸ
564 3972 652 4048 άλβον
669 3974 768 4048 μέρος,
793 3972 829 4041 ὥς
847 3972 961 4032 λευκόν·
997 3970 1139 4031 κάκεῑθεν
1164 3971 1311 4047 ἐπενοήθη

168 4059 203 4118 τά
221 4061 343 4128 τέσσαρα
360 4061 431 4132 μέρη
450 4057 592 4132 ένῬιόμη.
629 4057 745 4117 ἐκάλεσε
769 4061 801 4117 δέ
820 4059 851 4115 τό
869 4057 1007 4129 πράσινον
1024 4059 1124 4130 μέρος,
1148 4053 1165 4115 ό
1183 4055 1241 4114 ἐστι
1261 4057 1311 4128 ρω-

168 4150 265 4216 μαϊστλ
277 4142 310 4202 ’τό
324 4141 541 4215 ἐμπαράμονσν,
553 4141 771 4214 πραισεντεύειν
784 4143 837 4216 γάρ
856 4143 966 4214 λέγεται
979 4141 1010 4198 τό
1025 4143 1218 4213 παραμένειν,
1238 4139 1313 4198 διότι

168 4227 185 4299 ἡ
205 4228 330 4301 χλοάδης
348 4232 384 4300 γῆ
404 4228 452 4284 διὰ
471 4225 578 4292 παντὸς
592 4232 705 4284 ἵσταται
722 4225 774 4285 σύν
792 4237 853 4293 τοῖς
870 4222 980 4284 άλσεσι·
1012 4225 1044 4282 τό
1057 4226 1090 4283 δέ
1108 4227 1230 4295 Βένετσν
1248 4221 1314 4282 ἐκά-

169 4317 247 4368 λεσεν
266 4311 297 4370 ἐκ
316 4314 367 4369 τοῦ
386 4311 462 4369 εἶναι
479 4306 535 4369 ύπό
553 4309 607 4383 την
621 4308 730 4384 Ῥώμην
743 4309 884 4383 ἐπαρχίαν
901 4307 1027 4383 μεγάλην
1046 4307 1140 4382 χάραν
1157 4310 1313 4382 λεγομένην

169 4396 333 4466 Βενετζίαν,
357 4389 472 4468 ἧστινος
494 4392 665 4468 μητρόπολίς
688 4391 929 4466 ἐστινἈκνληία,
954 4391 1096 4452 κάκεῖθεν
1114 4391 1258 4464 ἐξέρχεται
1276 4389 1314 4448 τά
