2964 5002
173 327 233 392 186
371 345 609 389 evacuassem
632 346 722 388 arear
743 347 785 389 ιιιι
808 345 896 388 suno
920 344 1125 388 aorssuoavrr

171 497 375 550 commentariis
388 498 521 548 fastorum
534 497 617 560 dicit,
632 496 703 563 apud
716 496 834 548 maiores
848 511 955 562 quoque
967 496 1158 548 nostroshaee
1167 495 1320 562 appellatio

171 568 272 617 mensis
286 567 331 615 diu
344 567 485 626 manserit,
499 566 549 615 sed
560 571 623 631 post
635 566 743 616 detritis
764 564 926 629 quibusdam
939 565 1039 615 litteris
1052 582 1086 615 ex
1097 566 1215 614 Iunonie
1227 565 1320 614 Iunius

171 636 259 685 (lictus
272 635 316 682 sit.
341 649 404 682 nam
423 638 451 683 et
468 633 552 683 aedes
568 635 665 683 lunoni
683 634 812 683 Monetae
829 633 947 682 Kalend.
961 633 1048 682 Iuniis
1061 633 1190 683 dedicata
1204 638 1254 682 est.
1277 631 1317 682 31.

171 700 293 752 ιιιιιιιιιιιιι
307 706 472 766 putauenuit
483 702 590 750 Iunium
602 717 724 751 mensem
743 717 759 750 a
771 701 849 750 lunio
861 701 945 750 Bruto
964 701 1009 764 qui
1022 701 1125 765 primns
1138 701 1242 750 Romae
1255 716 1318 750 eoa-

170 770 211 820 sul
225 771 316 819 iactus
329 774 372 817 est
383 769 560 828 nominatum,
574 769 644 832 (qued
657 769 708 818 hoo
722 783 814 818 mense
827 768 855 817 id
868 774 911 818 est
923 767 1056 818 Kalendis
1068 768 1154 818 Iuniis
1165 768 1244 833 pulso
1251 768 1319 817 Tar·

171 839 263 902 quinio
282 852 387 886 sacrum
408 837 517 887 (laruae
537 836 606 886 deae
624 838 653 886 iu
672 836 768 886 Caelio
786 840 878 886 mente
896 837 954 885 uoti
971 850 1034 885 reus
1052 836 1161 887 iecerit.
1191 836 1233 885 32.
1247 835 1320 885 hanc

170 906 251 955 deam
263 904 394 954 uitalibus
404 904 529 953 humanis
539 920 670 969 praeesse
684 904 805 953 credunt.
821 903 856 952 ab
869 920 904 952 ea
913 903 1031 967 deniquo
1044 904 1147 969 petitur
1158 909 1188 952 ut
1196 903 1320 953 iocinera

171 979 199 1023 ct
212 973 296 1022 cerda
314 988 439 1036 quaeque
457 976 520 1020 sunt
537 972 702 1022 intrinsecus
719 973 829 1021 uiscera
841 970 922 1020 salira
935 977 1093 1021 conueniet:
1112 975 1141 1020 et
1153 972 1218 1035 qnia
1229 970 1320 1021 cordis

169 1040 314 1102 beneficio,
328 1040 404 1088 cuirrs
415 1039 633 1089 dissimulatione
644 1040 738 1089 brutus
748 1039 913 1099 habebatur,
926 1039 1040 1089 idoneus
1054 1039 1240 1089 emendationi
1252 1038 1318 1103 pub·

170 1109 217 1158 liei
230 1113 319 1157 status
331 1107 430 1165 extitit,
444 1107 516 1157 harre
529 1107 609 1157 deam
621 1123 692 1172 quae
704 1106 835 1156 uitalibus
847 1112 960 1171 praeest
970 1107 1071 1171 templo
1078 1107 1209 1157 sacrauit.
1222 1104 1266 1157 33.
1274 1106 1319 1155 oni

170 1174 245 1241 pulte
259 1175 372 1234 fabaeia
385 1180 414 1224 et
425 1174 513 1225 larido
525 1175 712 1235 sacrificatur,
730 1175 800 1238 qued
813 1174 856 1223 his
868 1174 985 1224 maxime
1004 1175 1086 1224 rebus
1103 1174 1177 1224 inires
1196 1174 1319 1239 corporis

170 1243 340 1293 roborentur.
366 1259 429 1292 nam
451 1248 480 1292 et
492 1242 636 1293 Kalendae
654 1243 749 1291 initiae
773 1241 901 1293 sabariae
918 1241 1002 1306 uulgo
1021 1245 1171 1303 uocantur,
1190 1241 1319 1307 quiahoc

169 1326 264 1361 ιιιιιιιιιιι
278 1309 390 1359 adultae
403 1310 488 1360 fabae
501 1310 601 1359 diuinis
615 1310 697 1360 rebus
710 1309 881 1359 adhibentur.
907 1307 948 1359 34.
966 1310 1090 1373 seqnitur
1101 1309 1187 1359 lulius
1199 1309 1245 1374 qui
1257 1323 1319 1359 cum

170 1378 320 1429 seeundum
332 1377 440 1427 Romuli
457 1377 657 1428 ordinationem
674 1377 774 1427 Martio
796 1376 863 1425 anui
879 1379 992 1426 tenente
1010 1376 1175 1444 principium
1188 1376 1319 1438 Quintilis

171 1462 187 1496 a
200 1461 312 1495 numere
323 1449 478 1505 enecaretur,
491 1445 667 1495 nihilominus
679 1451 772 1495 tamen
784 1444 869 1493 etiam
881 1450 944 1509 post
954 1445 1129 1510 praepositos
1144 1461 1163 1495 a
1173 1444 1265 1495 Numa
1273 1445 1316 1494 la·

169 1514 295 1563 ursarium
315 1529 347 1562 ae
360 1484 541 1563 lebmalium
559 1513 672 1562 retinuit
689 1528 803 1569 ιιοιιιιιιι
827 1527 888 1562 cum
905 1527 958 1561 non
976 1513 1141 1563 uideretur
1133 1528 1190 1562 ram
1209 1512 1319 1577 quintus

171 1596 232 1631 esse
245 1580 294 1631 sed
306 1580 451 1645 septimus·
470 1580 519 1630 sed
537 1581 659 1647 postea'
651 1595 679 1628 ιιι
697 1580 828 1629 honorem
842 1579 903 1629 lulii
917 1579 1047 1630 Caesaris
1064 1580 1210 1630 dictatoris
1228 1579 1318 1644 legem

171 1650 278 1699 ferente
272 1649 328 1697 M.
342 1648 458 1697 Antonia
470 1649 506 1697 M.
521 1647 577 1697 filio
597 1640 708 1697 consule
720 1647 805 1699 lulius
824 1647 979 1712 appellatus
993 1653 1050 1710 est,
1072 1647 1143 1712 quod
1159 1647 1213 1697 hoc
1225 1662 1318 1697 mense

170 1732 195 1766 a.
210 1716 235 1764 d.
250 1720 374 1778 quartum
387 1715 450 1764 Ιιιιιιι
463 1714 600 1776 Quintiles
612 1715 696 1764 Iulius
709 1721 870 1781 procreatus
887 1714 931 1764 sit.
956 1715 998 1766 85.
1012 1716 1151 1781 Augrrstus
1163 1714 1266 1765 ‹leindo
1277 1720 1320 1766 est

170 1784 216 1847 qui
229 1782 341 1831 Sextilis
354 1788 439 1831 antea
451 1782 604 1832 uocabatur
616 1783 704 1832 ‹lenec
716 1782 813 1831 honori
826 1783 943 1848 Augusti
955 1776 1066 1833 daretur
1079 1800 1113 1833 ex
1125 1787 1242 1832 senatus
1255 1798 1318 1833 cen-

170 1850 240 1900 sulto
254 1850 330 1899 cirins
343 1848 429 1899 verha
446 1850 567 1899 subieci:
586 1851 654 1899 Cum
670 1850 823 1915 Imperator
838 1850 944 1900 Caesar
955 1851 1093 1915 Augustus
1110 1866 1205 1901 mense
1221 1849 1319 1900 Sextili

170 1929 198 1968 et
210 1917 323 1982 primum
336 1917 507 1966 consulatum
519 1918 614 1967 inierit
626 1923 654 1967 et
665 1917 815 1982 triumphos
828 1924 884 1968 tres
896 1919 923 1967 in
936 1919 1031 1968 urbem
1043 1917 1170 1968 intulerit
1186 1923 1216 1967 et
1229 1934 1262 1968 ex
1275 1918 1318 1967 la·

169 1984 260 2035 niculo
272 1984 397 2048 legiones
409 1984 545 2034 deductae
558 1991 726 2050 secrrtaeque
739 1986 794 2035 sint
807 1986 866 2037 eius
878 1986 1002 2050 auspicia
1016 2002 1049 2035 ae
1062 1985 1157 2046 fidem,
1170 1986 1220 2035 sed
1233 1986 1318 2036 etite-

168 2057 267 2117 gyptus
285 2051 337 2100 hoe
355 2068 450 2102 meuse
467 2052 496 2101 in
514 2058 680 2117 potestatem
703 2053 796 2117 populi
813 2053 930 2104 llomani
947 2053 1061 2104 redacta
1079 2054 1116 2103 sit
1129 2053 1247 2117 finisque
1267 2053 1319 2103 hoe

168 2135 262 2170 mense
272 2118 353 2168 bellis
365 2119 492 2169 ciuilibus
503 2120 639 2185 inpositus
651 2121 688 2169 sit
701 2125 783 2184 atque
796 2121 830 2170 oh
844 2120 895 2171 has
908 2136 1008 2171 causas
1019 2120 1065 2171 hic
1077 2121 1181 2171 mensis
1192 2120 1258 2170 huie
1269 2120 1319 2170 im·

169 2188 245 2253 perio
257 2186 434 2237 felicissimus
446 2187 484 2237 sit
496 2203 529 2237 ac
542 2189 640 2248 fuerit,
653 2186 765 2253 placere
783 2188 894 2239 senatui
904 2195 935 2238 ιιι
947 2189 992 2239 hie
1004 2190 1105 2239 mensis
1117 2189 1258 2253 Augustus
1270 2204 1317 2254 ap-

168 2255 294 2321 pelletur
324 2254 391 2304 item
407 2254 581 2335 plebiscitum
600 2257 704 2305 taetram
722 2257 756 2306 oh
776 2256 893 2307 eandem
905 2272 963 2308 rem
975 2256 1059 2307 Sexto
1071 2256 1196 2306 Pacubio
1209 2257 1318 2306 tribuno

168 2322 277 2387 plebem
289 2327 413 2388 rogante.
432 2321 474 2373 36.
487 2323 590 2374 mensis
602 2323 764 2389 September
780 2324 960 2389 principalem
978 2325 1021 2374 sui
1038 2324 1139 2374 retinet
1155 2323 1318 2388 appellatio-

168 2406 243 2440 nem:
258 2406 338 2454 quern
345 2388 504 2440 Germanici
513 2391 714 2471 appellatione,
727 2391 876 2442 Octobrem
887 2407 954 2442 uero
965 2406 1015 2442 suo
1027 2392 1319 2442 nomineDornitianns

167 2459 317 2508 inuaserat.
331 2457 373 2508 37.
387 2458 435 2508 sed
447 2459 495 2509 ubi
512 2458 662 2509 infaustum
678 2459 843 2510 uocabulum
857 2474 891 2509 ex
902 2460 976 2509 omni
995 2475 1059 2510 uere
1071 2459 1117 2509 ιιιιι
1129 2474 1198 2510 saxo
1215 2459 1320 2524 placuit

169 2525 254 2586 eradi,
268 2541 377 2576 menses
390 2541 495 2606 qnoque
504 2527 713 2591 usurpatione
694 2527 856 2577 tirannicae
868 2527 1061 2592 appellationis
1075 2528 1149 2577 exuti
1161 2532 1239 2578 smrt.
1253 2542 1317 2578 cau·

167 2595 207 2643 tio
225 2599 323 2658 postea
335 2594 487 2658 principum
500 2602 653 2644 eeterorum
665 2595 717 2643 diri
729 2595 828 2645 ominis
844 2595 967 2644 inlausta
983 2596 1129 2645 nitentium
1144 2596 1286 2646 mensibus
1301 2610 1318 2645 a

168 2661 329 2727 Septembre
340 2677 426 2726 usquo
439 2662 474 2710 ad
487 2661 668 2711 Decembrem
681 2663 773 2727 prisea
784 2663 895 2712 uomina
908 2664 1069 2712 reseruauit.
1094 2662 1135 2711 38.
1149 2663 1223 2713 haee
1235 2663 1289 2712 fuit
1301 2678 1318 2712 a

168 2728 282 2778 ltomulo
296 2745 388 2779 annua
403 2729 531 2778 enlinata
543 2730 690 2791 dimensio,
711 2730 756 2794 qui
775 2730 846 2779 simu
858 2745 940 2794 supra
953 2731 1009 2780 iarn
1027 2731 1143 2780 diximus
1157 2747 1258 2782 annum
1271 2730 1317 2779 de-

169 2813 227 2845 cem
241 2798 373 2846 iriensium
386 2797 490 2845 dierum
504 2812 569 2846 uero
582 2803 709 2860 quattuor
723 2802 750 2846 ct
765 2803 949 2847 trecentorum
961 2798 1117 2848 habendum
1135 2815 1197 2848 esse
1215 2799 1316 2848 consti-

169 2865 219 2912 tuit
233 2880 393 2927 mensesque
407 2865 447 2913 ita
459 2864 604 2929 disposuit
623 2870 652 2913 ut
670 2870 798 2928 quattuor
811 2881 843 2914 ex
856 2866 899 2915 his
912 2867 1032 2916 tricenus
1045 2865 1176 2931 singulos,
1189 2882 1240 2916 ses
1252 2881 1317 2916 nero

168 2932 219 2980 tric
223 2946 289 2981 enos
302 2932 437 2981 habereut
450 2932 518 2981 dies.
532 2931 573 2985 36
580 2932 629 2981 sed
642 2948 701 2981 cum
715 2933 738 2981 is
752 2949 880 2982 numerus
891 2949 979 2997 neque
993 2935 1058 2984 solis
1071 2936 1161 2983 censui
1173 2949 1266 2998 neque
1278 2933 1316 2983 lu·

167 3015 220 3047 ιιιιι·
234 2999 385 3049 rationibus
399 3000 572 3060 conueniret,
586 3015 788 3064 nonnumquam
801 3016 851 3050 ιιιιιι
863 3002 995 3051 ueniebat
1010 3006 1041 3051 ιιι
1053 3002 1140 3066 frigus
1154 3002 1221 3050 anni
1234 3001 1317 3052 aesti-

166 3067 209 3115 uis
227 3061 365 3116 mensibus
385 3073 412 3115 et
431 3073 554 3117 contra·
540 3066 617 3116 calor
628 3067 792 3117 hiemalibus
805 3070 976 3132 proueniret:
1000 3070 1071 3134 quod
1083 3070 1128 3119 ubi
1143 3070 1316 3133 contigisset,

167 3140 272 3184 tantum
286 3135 424 3184 dierum
403 3150 462 3184 sme
475 3135 531 3185 ullo
544 3136 645 3184 mensis
658 3136 766 3185 nornine
780 3136 959 3217 patiebantur
976 3138 1082 3186 absumi
1096 3143 1227 3201 qnantum
1243 3136 1316 3186 adid

168 3203 231 3251 anni
246 3208 353 3268 tompus
367 3202 516 3254 adduceret
529 3217 581 3266 quo
594 3203 666 3252 caeli
679 3203 789 3253 habitus
798 3205 915 3253 instanti
927 3206 1029 3254 mensis
1043 3212 1121 3270 aptus
1135 3205 1316 3255 irureniretur.

166 3270 240 3319 Xlll.
255 3271 308 3319 Sed
322 3276 432 3320 secutus
442 3271 544 3329 Numa,
559 3277 688 3334 spirantum
701 3272 751 3320 sub
765 3272 843 3321 caelo
862 3273 920 3321 rudi
935 3279 963 3321 et
974 3273 1086 3322 saeculo
1100 3271 1190 3321 adhuc
1182 3273 1318 3338 ·inpolito

166 3336 244 3387 solo
237 3339 349 3401 ingenio
362 3339 493 3402 magistro
507 3309 731 3403 conprehendere
744 3340 845 3405 potuit,
864 3340 909 3389 uel
922 3341 986 3404 quia
999 3341 1166 3390 Graecorum
1186 3341 1317 3390 obserua-

166 3405 240 3454 tione
251 3406 361 3455 forsan'
354 3411 560 3469 instructnsest,
571 3407 769 3472 qnmqnapmta
776 3408 835 3457 ‹hes
843 3406 956 3467 addidit,
966 3409 1009 3457 ιιι
1002 3424 1030 3457 ιιι
1037 3408 1317 3473 trecentosqmnqua

166 3473 244 3537 ginta
254 3478 382 3537 quattuor
394 3474 462 3531 dies,
470 3474 566 3538 quihus
578 3474 720 3524 rlrredeeim
731 3473 812 3524 lunae
823 3490 918 3525 errrsus
930 3476 1027 3525 confici
1039 3475 1163 3533 eredidit,
1176 3490 1318 3525 annusex-

166 3540 332 3590 tenderetur.
346 3542 370 3590 2.
385 3546 467 3606 atque
479 3542 522 3591 his
533 3543 733 3606 quinquaginta
745 3558 762 3592 a
773 3558 803 3592 se
816 3543 916 3592 additis
928 3544 1032 3593 adiecit
1044 3543 1111 3592 alies
1121 3558 1170 3591 aex
1180 3550 1318 3593 retractos

164 3609 219 3657 illis
230 3624 278 3659 sex
290 3610 430 3660 mensibus
441 3611 486 3673 qui
498 3611 612 3674 triginta
623 3610 766 3660 habebant
777 3611 849 3670 diae,
863 3611 889 3660 id
903 3618 945 3660 est
956 3612 990 3661 de
1003 3610 1118 3676 siugulis
1129 3611 1265 3675 singulos,
1276 3612 1317 3661 ia·

166 3682 278 3740 etosque
291 3677 491 3742 quinquaginta
504 3683 531 3727 et
541 3693 590 3727 sex
602 3678 661 3727 dies
674 3678 702 3726 in
715 3678 781 3727 diros
794 3693 879 3727 nouos
892 3695 1001 3728 menses
1013 3680 1073 3744 pari
1087 3679 1194 3727 ratione
1208 3678 1317 3728 diuisit:

165 3745 190 3795 3.
198 3760 231 3794 ue
242 3744 275 3794 de
286 3744 390 3794 duobus
402 3745 519 3809 priorem
532 3746 689 3794 lanuarimn
702 3746 872 3810 nuncupauit
883 3747 1051 3811 primumque
1066 3746 1129 3794 arun
1143 3761 1206 3794 esse
1220 3747 1317 3801 uoluit.

164 3819 304 3876 tamquam
313 3812 435 3877 bicipitis
445 3813 489 3863 dci
500 3828 621 3862 mensem
631 3813 825 3876 respicientem
837 3829 869 3862 ac
881 3816 1092 3878 prospicientem
1103 3814 1242 3862 transaeti
1252 3813 1317 3863 anni

165 3880 246 3930 finem
264 3880 401 3943 futurique
415 3880 559 3945 principia,
573 3880 722 3929 seeundum
742 3881 846 3930 dicauit
858 3882 967 3931 Februo
980 3883 1040 3941 deo,
1060 3881 1103 3944 qui
1122 3881 1317 3931 lustrationum

165 3954 264 4012 potens
277 3947 408 3996 creditur:
422 3946 533 3997 lustrari
547 3952 638 3997 autern
657 3964 690 3997 eo
703 3964 796 3998 meuse
810 3949 951 3999 ciuitatem
966 3964 1080 3999 necesse
1095 3953 1169 4003 erat,
1189 3964 1243 4011 quo
1260 3954 1316 3999 sta-

165 4016 216 4063 tuit
229 4020 259 4063 ut
269 4014 343 4063 iusta
355 4015 397 4063 dis
409 4015 538 4063 Manibus
550 4013 729 4065 soluerentur.
753 4017 776 4065 l.
790 4017 895 4066 Numae
909 4018 1108 4067 ordinationem
1125 4015 1238 4064 tinitimi
1255 4032 1316 4066 mox

165 4082 251 4131 seciiti
265 4081 378 4130 totidem
389 4081 484 4130 ‹liebris
495 4082 663 4146 totidemque
676 4084 815 4133 mensibus
826 4090 855 4133 ut
866 4085 1000 4149 Pompilio
1011 4084 1114 4149 placuit
1126 4097 1227 4132 aunum
1239 4100 1316 4134 ιιιιιιιιι

166 4155 315 4212 conputare
329 4154 491 4213 coeperunt:
511 4149 560 4199 sed
577 4150 630 4199 hoc
648 4150 706 4200 solo
720 4152 929 4216 discrepabunt,
949 4152 1019 4215 quod
1032 4166 1141 4200 menses
1158 4151 1315 4201 undetrice-

165 4231 226 4264 num
240 4217 427 4279 tricennmque
441 4232 553 4265 numero
572 4218 611 4266 alt
601 4224 788 4268 teruaneruut.
808 4219 833 4267 5.
852 4218 934 4282 paulo
952 4226 1013 4283 pest
1031 4217 1164 4266 Numam
1183 4218 1314 4269 honorem

165 4282 268 4345 inparis
282 4283 395 4344 numeri,
407 4290 543 4333 secretum
555 4284 607 4334 hoc
622 4290 650 4334 et
662 4285 918 4348 anterthageram
930 4285 1098 4362 parturiente
1109 4289 1219 4345 natura,
1233 4300 1314 4335 rmum

166 4349 267 4398 adiecit
279 4350 352 4399 diem
362 4366 441 4414 quem
453 4351 583 4403 Ianuario
596 4353 672 4402 dedit
684 4357 713 4401 ut
725 4352 821 4402 tamin
831 4366 902 4402 anno
916 4367 996 4418 quam
1005 4351 1034 4399 in
1045 4351 1187 4401 mensibus
1197 4352 1314 4418 singulis
