2964 5002
166 347 226 410 stt
582 369 614 410 in
629 368 726 410 visan
742 369 893 411 scarnen

166 521 301 580 dativum
319 522 493 601 frequentet
512 520 714 597 significatum
730 528 779 580 est
795 519 874 580 Mus.
889 520 947 579 Rh.
966 518 986 578 l.
1002 540 1026 578 s.
1043 540 1067 579 s.
1084 541 1113 600 p.
1134 521 1219 594 159*‚
1240 541 1303 580 con·

164 629 381 683 similis·tamen
401 625 535 683 servavit
556 623 731 700 genetivum
752 623 782 680 in
795 640 891 680 sucum
908 625 1074 680 consimilem
1089 627 1168 680 leolis
1185 636 1224 696 v,
1243 634 1304 697 813,

165 731 258 784 lenam
275 730 348 800 pilei
365 729 529 785 consimilem
550 725 591 785 ib.
611 733 672 788 714.
696 756 732 766 -
754 725 856 804 Atque
877 726 921 784 sic
943 725 1014 783 olim
1034 726 1235 784 ratiocinatus
1260 735 1305 784 ta·

100 901 103 908 ,
165 849 233 887 men
255 848 358 887 omnes
372 829 445 887 mibi
467 828 624 907 scrupulos
642 846 680 885 ne
701 835 763 884 tum
778 825 901 906 quidem
917 836 1076 906 exemptos
1090 829 1184 887 sensi.
1224 827 1305 887 Nam

164 932 292 1010 primum
315 930 437 1011 quidem
459 929 540 989 baud
557 931 621 1008 scio
642 950 681 987 en
696 929 735 988 ad
755 929 817 987 vim
835 930 1005 988 sententiae
1026 929 1185 1010 aliquanto
1201 929 1305 989 effica-

166 1035 228 1092 cior
244 1034 311 1113 ipsa
325 1032 504 1112 simplicitas
519 1036 614 1090 similis
629 1032 760 1090 notionis
773 1050 865 1111 quam
880 1031 1076 1109 compositum
1092 1037 1240 1091 concinitis
1252 1052 1304 1091 vo·

114 1169 117 1177 ·
166 1135 306 1195 sabulum
324 1136 430 1206 fuerit,
449 1133 531 1215 quod
546 1132 678 1193 dubitari
693 1141 793 1211 potest
812 1143 912 1192 utrum
932 1131 985 1192 illo
1002 1133 1110 1192 fortius
1128 1135 1168 1193 sit
1186 1155 1226 1192 an
1242 1134 1304 1194 exi-

164 1237 234 1296 line.
278 1238 352 1297 Plus
379 1238 467 1296 etiam
502 1236 676 1295 offensionis
705 1240 860 1311 qnempiam
892 1255 1057 1313 pronomen
1086 1237 1211 1315 peperit
1239 1257 1305 1295 cnm

164 1341 328 1418 negatione
344 1341 506 1400 sociatum:
531 1357 622 1420 quam
640 1337 818 1397 societatem
836 1338 894 1396 etsi
914 1357 1002 1396 nemo
1023 1339 1124 1425 nescit
1149 1356 1235 1396 suam
1251 1358 1306 1397 suo

165 1442 237 1501 loco¹
253 1443 374 1502 veniam
394 1441 526 1513 habero,
549 1416 703 1499 tamen⁰iu
723 1440 781 1498 bac
800 1440 868 1518 ipsa
883 1440 1034 1498 sententia
1055 1440 1238 1517 intellegere
1262 1442 1305 1499 vi-

165 1564 216 1604 sus
236 1565 300 1604 sum
321 1546 421 1605 locum
440 1545 493 1603 vix
514 1523 592 1603 tueri
612 1563 719 1622 posse,
741 1542 796 1601 sed
812 1541 923 1602 cedere
938 1559 1104 1617 quemquem
1119 1543 1237 1603 formae
1253 1541 1305 1602 de·

164 1645 277 1707 baisse.
307 1648 374 1708 Nec
390 1647 514 1725 placere
529 1665 584 1704 non
603 1644 771 1724 particulae
789 1644 958 1704 conlocatio
974 1652 1111 1723 poterat,
1130 1664 1210 1723 qnae
1226 1645 1306 1705 hanc

164 1750 264 1828 potius
281 1749 337 1808 sibi
350 1750 516 1827 posituram
530 1747 720 1826 postulabat:
747 1749 857 1804 Terenti
875 1751 990 1804 similem
1005 1765 1059 1804 non
1074 1749 1196 1804 dicetis
1211 1764 1307 1821 qnem-

160 1857 238 1926 piam
267 1850 315 1929 (id
337 1850 419 1930 quod
440 1847 589 1908 suadebat
613 1846 856 1925 Buechelerus):
887 1869 967 1928 qrrac
994 1849 1073 1907 enim
1098 1846 1306 1908 insolentioris

164 1971 238 2011 sane
254 1951 470 2010 conlocationis
486 1950 626 2029 exempla
641 1950 780 2010 Naekius
795 1951 939 2009 tractavit
953 1951 985 2009 in
998 1949 1102 2010 Valer.
1119 1948 1188 2009 Oat.
1206 1971 1236 2030 p.
1255 1959 1306 2012 295

165 2074 225 2134 sip,
249 2053 349 2112 aliena
368 2053 418 2113 vel
439 2059 601 2132 propterea
623 2061 694 2111 sunt
719 2051 801 2133 quod
823 2052 894 2112 talis
915 2052 1041 2111 licentia
1063 2062 1225 2131 poetarum
1246 2073 1307 2112 non

165 2155 248 2214 cadit
267 2156 298 2213 in
318 2155 376 2214 boc
397 2175 492 2232 genus
517 2155 700 2214 scaenicum.
745 2156 895 2236 Denique·
913 2175 931 2214 e
952 2157 1046 2213 disens
1067 2155 1220 2233 scriptura
1246 2175 1306 2214 non

165 2259 263 2317 minus
280 2257 435 2317 commode
459 2277 549 2339 quam
569 2261 648 2316 dices
668 2258 733 2316 erui
751 2260 842 2315 dicent
859 2256 1048 2316 Ribbeckins
1070 2259 1188 2316 monuit
1211 2258 1306 2316 veris·

165 2362 256 2432 sime,
274 2360 305 2419 id
321 2369 422 2420 autem
438 2368 527 2419 acute
543 2359 621 2418 vidit
635 2369 775 2438 spectare
797 2358 837 2418 ad
855 2358 1047 2419 adversarios
1070 2368 1100 2418 et
1121 2359 1306 2418 obtrectato-

164 2483 340 2541 imposne,
362 2461 471 2543 quibus
492 2464 523 2521 in
544 2462 670 2540 prologo
692 2462 750 2519 isto
765 2462 912 2520 afranius
934 2461 1128 2540 respondisse
1148 2461 1307 2521 videretur

165 2565 302 2623 similiter
317 2574 408 2644 atque
424 2564 536 2623 Luscio
553 2564 712 2623 Lanuvino
728 2564 901 2622 Terentius.
936 2563 1052 2622 Harum
1075 2565 1166 2641 igitur
1183 2567 1304 2623 coniun-

166 2676 216 2724 cta
233 2668 280 2724 vis
303 2668 517 2742 cogitationum
539 2687 599 2724 non
621 2667 721 2744 potuit
740 2686 787 2723 me
814 2686 873 2723 non
888 2667 1102 2746 moverequin
1117 2666 1306 2745 probabilius

165 2790 255 2848 qnam
279 2769 350 2825 olim
367 2769 480 2825 factum
506 2777 553 2826 est
568 2778 678 2847 poetae
699 2788 819 2825 inanum
841 2768 899 2825 boc
924 2769 1064 2846 exemplo
1088 2771 1209 2828 restitui
1234 2790 1306 2827 con·

166 2870 306 2929 fiderem:

369 2975 479 3028 Terenti
494 2990 618 3029 namne
631 2977 746 3030 similem
761 2976 820 3029 (lice
831 2983 866 3030 nl
882 2979 1058 3046 pitcnrpieml‘

165 3073 227 3131 Vbi
244 3074 269 3132 si
289 3074 339 3152 qui
354 3093 484 3131 tirrannum
501 3075 716 3151 praetulerint,
732 3084 837 3153 optare.
858 3095 911 3132 suo
931 3074 1076 3132 arbitratu
1092 3083 1246 3153 poterunt.

248 3177 324 3252 Pag.
343 3175 396 3247 34,
417 3177 432 3234 l
458 3197 511 3254 pro
530 3183 556 3233 in
573 3181 684 3233 limone
706 3197 796 3252 aegre
813 3178 995 3254 perspicitur
1010 3176 1082 3255 qnid
1099 3181 1229 3236 moverit
1247 3180 1306 3236 Ro·

165 3277 283 3335 bertum
301 3277 455 3353 Vngerum
471 3289 503 3335 ut
520 3283 557 3335 ‘in
572 3279 650 3335 Lino*
669 3277 813 3336 suaderet
826 3278 1053 3337 Subsicivorum
1070 3278 1308 3358 Braridcnburgi

164 3381 244 3437 Novi
267 3399 293 3436 a.
316 3388 381 3441 1854
398 3379 547 3437 editorum
562 3400 592 3458 p.
610 3391 640 3442 3:
665 3380 855 3438 coniectandi
872 3380 922 3438 vel
940 3382 1040 3458 potius
1063 3381 1237 3439 hariolandi
1255 3403 1307 3459 ge·

164 3503 252 3550 nere,
274 3490 306 3538 nt
321 3480 407 3538 nobis
428 3481 562 3555 videtur,
584 3481 674 3540 valde
691 3483 889 3540 infructuoso.
928 3483 1028 3559 (luam
1049 3484 1128 3541 enim
1149 3484 1307 3544 veteribus

164 3584 218 3642 illa
235 3586 301 3660 ipsa
323 3584 478 3661 inscriptio
500 3585 702 3643 rniacellorum
723 3584 866 3642 libroruin
887 3585 1038 3663 placuerit
1059 3605 1137 3664 quac
1163 3586 1215 3643 vel
1233 3590 1306 3644 Aer-

163 3679 236 3761 priv,
247 3686 303 3742 fuit
316 3685 366 3743 vel
377 3686 531 3760 Λειμώνες
546 3687 595 3744 vel
610 3688 744 3743 ‘Prolem’
759 3688 809 3744 vel
823 3688 942 3759 ‘Prolo',
958 3698 1005 3745 sut
1020 3689 1110 3745 certis
1124 3689 1306 3748 testimoniis

98 3808 100 3811 ’
166 3809 232 3846 eum
247 3787 340 3848 Gellii
355 3799 418 3845 tum
425 3790 517 3849 Plinii
533 3790 562 3846 in
578 3789 827 3866 praefationibim,
840 3789 953 3848 Suidoe
966 3810 994 3847 v.
1008 3781 1177 3863 Πάμφιλος,
1197 3792 1306 3868 ipsius·

164 3912 224 3972 que
241 3891 380 3969 exemplo
398 3889 534 3949 Suetonii
551 3899 682 3948 constat:
704 3912 762 3949 noc
786 3912 803 3949 e
819 3891 968 3950 Plinianis
986 3892 1179 3950 (lollianisre
1203 3894 1306 3952 verbis

165 3993 196 4051 id
211 3993 292 4072 quod
309 3993 448 4069 Vngerus
470 4002 626 4068 argutatur
641 3993 704 4051 ullo
726 3994 814 4052 modo
832 3996 1037 4073 consequitur.
1069 3993 1183 4052 Contra
1199 3999 1306 4054 ‘liniis'

165 4096 217 4154 illc
233 4094 306 4176 quid
323 4095 380 4153 sibi
397 4093 480 4165 velit,
496 4097 547 4153 vix
565 4116 601 4153 ac
616 4116 654 4152 ne
670 4096 721 4154 vix
737 4095 859 4175 quidem
875 4096 1089 4171 intellegimus.
1121 4098 1190 4155 Nec
1208 4099 1307 4175 magis

165 4197 320 4256 Andream
337 4196 493 4255 Sobottnm
509 4216 658 4255 moramur
676 4203 702 4255 in
719 4201 819 4256 Libone
835 4200 1109 4257 comminiscentem
1128 4199 1245 4258 Nodor.
1257 4201 1306 4260 Ci-

167 4317 226 4357 cer.
244 4311 284 4356 111
299 4318 325 4355 e.
345 4309 386 4358 10.

250 4401 348 4459 Versu
368 4399 387 4459 5
409 4402 509 4457 sedetis
532 4401 656 4477 molibus]
678 4404 795 4462 Poetae
816 4402 938 4482 quidem
962 4401 1145 4462 Ciceroni
1165 4407 1308 4483 quamvis
