2964 5002
163 356 225 418 262
332 367 568 411 svrrncunuru
591 367 679 408 nrum
700 366 744 405 ne
767 364 972 406 aurusurtvu
988 363 1140 407 usevsrs

164 525 244 586 petat
274 526 301 568 at
330 516 440 568 assidue
468 515 552 566 mella
577 513 697 581 captet)
741 512 768 564 3.
802 514 858 565 ‘De
887 515 1001 565 minutis
1024 516 1241 567 animantibus.'
1285 518 1311 567 4.

166 590 217 637 ‘De
236 587 430 651 serpentibus)
462 583 507 635 13:
528 585 639 649 ‘Dipsas
663 597 750 648 genus
769 583 889 647 aspidis,
911 599 982 647 quae
1006 584 1108 633 Latine
1130 584 1218 635 situla
1242 585 1311 635 diei·

164 662 221 715 tur,
250 656 316 719 quia
339 668 419 717 quem
441 652 616 702 momorderit
637 652 685 700 siti
709 649 800 715 perit’
834 651 883 700 2⁴2:
903 649 1021 715 ‘Hydros
1044 651 1179 715 aquatilis
1197 668 1313 718 serpens

165 722 321 840 pquobioti
339 721 544 836 obturgescunt.
576 721 658 836 polius
670 718 939 836 lqui‘pldn}m⁰rbnss¹
962 719 1043 768 boam
1051 719 1173 837 33³⁰&ss
1188 720 1313 837 e‘trcpulod

165 807 227 907 dppp
249 794 516 921 sdlsssenrse,md1uli⁰tdlth
524 802 699 918 ch«·²³1drydrldd1
700 801 915 918 dlicizdrdfodia
933 801 987 903 oolla
994 803 1127 931 iduaqdis
1150 824 1181 905 et
1203 857 1236 905 in
1255 804 1313 906 ded-

165 927 203 984 ris
231 929 361 974 moratur.
412 938 476 973 uam
505 916 605 987 χέρσον
634 923 730 972 dicunt
758 922 861 972 Graeci
889 927 1003 985 terram,
1032 920 1111 987 odeo
1140 936 1244 989 aquam
1291 942 1314 975 x

165 994 254 1043 Seruio
271 1008 359 1058 georg.
378 991 431 1040 ΙΙΙ
447 994 505 1041 415.
529 990 576 1041 bic
593 1006 642 1056 per
660 1004 741 1055 quam
759 990 864 1040 labitur
881 994 984 1040 terram
1002 990 1109 1040 fumare
1127 991 1213 1051 tacit,
1231 1006 1260 1073 (g
1287 1007 1314 1041 m

166 1061 208 1111 sic
224 1061 321 1111 Macer
338 1059 486 1110 describit:
1228 1094 1238 1111 ,

497 1157 547 1192 seu
564 1148 645 1207 terga
663 1144 793 1207 expirant
810 1134 969 1207 spumantia
986 1144 1070 1203 uirus,

403 1225 453 1261 seu
471 1214 561 1260 terrae
581 1211 696 1271 fumant,
717 1225 771 1274 qua
789 1215 862 1260 teter
879 1210 984 1260 labitur
1002 1211 1109 1275 anguis.

165 1295 211 1346 25:
233 1295 345 1346 ‘Natrix
363 1309 477 1361 serpeus
496 1310 596 1360 aquam
614 1310 722 1345 ueneno
740 1293 876 1344 inficiens.
912 1294 941 1344 in
960 1309 1129 1359 quocumque
1147 1296 1222 1345 enim
1235 1296 1314 1347 fonte

165 1364 263 1425 suerit,
289 1378 349 1413 eum
372 1378 480 1413 ueneno
504 1360 661 1413 immiscet)
705 1360 751 1411 26:
782 1361 915 1413 Cencbris
938 1377 1052 1426 serpens
1074 1362 1244 1413 inflexuosus
1267 1364 1316 1431 qui

166 1446 274 1497 semper
295 1432 351 1480 iter
371 1436 477 1480 rectum
501 1430 598 1481 eflicit.
712 1445 775 1479 uam
799 1430 823 1479 si
845 1445 876 1480 se
899 1429 1025 1492 torserit,
1049 1428 1112 1479 dum
1130 1432 1231 1493 currit,
1257 1436 1316 1481 sta·

166 1501 217 1549 tim
235 1496 351 1564 erepat)
386 1498 433 1547 27:
460 1498 571 1548 ‘Parias
590 1512 702 1563 serpens
721 1497 767 1562 qui
784 1512 892 1562 semper
909 1497 938 1546 in
957 1496 1047 1547 cauda
1065 1496 1192 1547 ambulat
1210 1502 1240 1549 et
1257 1496 1313 1549 aul-

167 1582 228 1616 cum
245 1567 341 1616 facere
360 1564 488 1615 uidetur!
524 1565 569 1616 33:
591 1565 721 1631 ‘Salpuga
739 1580 853 1629 serpens
873 1570 915 1615 est
933 1578 1005 1630 quae
1023 1580 1077 1615 non
1089 1564 1210 1616 uidetur.
1248 1582 1313 1618 cae-

167 1634 230 1684 cula
244 1634 321 1684 dicta
333 1638 446 1703 propter
458 1633 529 1696 quod
561 1648 630 1682 arua
642 1633 679 1683 sit
691 1638 719 1682 et
731 1648 785 1682 non
798 1632 903 1682 habeat
915 1632 1019 1683 oculos.
1043 1632 1202 1699 centupeda
1213 1649 1231 1683 a
1244 1634 1312 1685 mul·

167 1701 286 1752 titudine
299 1701 398 1765 pedum
411 1697 507 1749 dieta.'
537 1649 571 1751 dl
589 1715 661 1765 sqq.:
682 1701 834 1750 ‘Lacertae
852 1699 951 1766 reptile
975 1715 1062 1766 genus
1080 1706 1253 1751 estuocatus
1271 1702 1315 1753 ita

167 1770 238 1834 quod
256 1767 372 1818 brachia
389 1768 502 1818 habeat.
563 1784 648 1818 euers
669 1767 836 1821 lacertorum
859 1767 939 1833 plura
963 1773 993 1817 ut
1015 1768 1114 1818 botrax
1131 1766 1314 1821 salamandra

166 1852 249 1886 saura
272 1834 374 1885 stellio.
419 1835 517 1883 botrax
540 1785 616 1885 dieta
640 1836 821 1903 quodranae
849 1835 955 1885 habeat
978 1835 1095 1896 iaciem3
1119 1850 1185 1885 nam
1208 1834 1315 1889 Graeci

166 1919 261 1953 ranam
280 1895 425 1969 βάτραχον
442 1908 553 1952 nocant.
594 1903 771 1954 salamandra
789 1908 901 1966 uocata,
920 1902 991 1967 quod
1004 1906 1101 1952 eontra
1114 1903 1248 1953 incendia
1265 1920 1314 1955 ua·

164 1971 237 2031 leat,
256 1971 334 2019 errius
352 1970 425 2019 inter
442 1970 536 2019 omnia
552 1977 693 2021 uenenato
715 1972 836 2021 maxima
858 1971 901 2021 uis
921 1976 973 2020 est.
1008 1975 1105 2021 cetera
1124 1972 1199 2021 enim
1216 1972 1313 2037 singu·

164 2037 206 2088 los
224 2038 340 2098 ferinum
362 2036 434 2087 haee
457 2037 588 2103 plurimos
607 2039 711 2104 pariter
734 2039 876 2091 interimit.
916 2054 981 2088 nam
1004 2038 1029 2088 si
1047 2038 1139 2088 arbori
1157 2039 1314 2120 irrepserit,

166 2106 258 2155 omnia
275 2120 358 2171 poma
380 2104 470 2155 inficit
487 2120 609 2168 ueneno,
635 2111 663 2155 et
687 2121 733 2157 eos
756 2107 802 2173 qui
820 2106 928 2156 ederint
951 2105 1068 2168 oceidit,
1093 2106 1160 2172 quin
1184 2108 1316 2159 etiamsi

165 2172 212 2223 uel
236 2172 264 2222 ia
282 2177 395 2237 puteum
414 2172 510 2234 cadat,
534 2174 578 2223 uia
600 2175 703 2223 ueneni
727 2174 786 2223 eius
809 2179 939 2239 potantes
962 2172 1103 2223 interficit.
1139 2174 1196 2223 iata
1214 2180 1316 2227 eontra

165 2240 296 2290 incendia
314 2255 473 2305 repugnans
491 2240 570 2306 ignes
588 2242 648 2291 sola
667 2240 828 2291 animalium
847 2240 993 2307 extinguit.
1023 2241 1096 2291 uiuit
1114 2242 1189 2291 enim
1207 2242 1237 2291 in
1256 2259 1313 2295 nra-

166 2306 220 2357 diis
238 2307 353 2357 flammis
371 2307 433 2357 sine
451 2306 545 2358 dolore
563 2313 591 2358 et
610 2309 827 2373 consumptione,
848 2314 877 2358 et
893 2324 950 2359 non
967 2308 1054 2358 solum
1073 2308 1138 2373 quia
1155 2324 1213 2361 non
1224 2311 1316 2361 uritur

166 2375 215 2425 sed
233 2376 372 2441 extinguit
389 2375 557 2425 incendium.
599 2392 683 2426 saura
700 2376 831 2438 lacertus,
851 2376 899 2442 qui
916 2376 1025 2441 quando
1038 2376 1172 2439 senescit,
1191 2392 1315 2429 caecan-

166 2447 211 2492 tur
229 2442 302 2492 oculi
322 2443 391 2504 eius,
411 2449 439 2492 et
457 2443 543 2493 intrat
560 2444 590 2493 in
608 2444 733 2495 toramen
751 2444 867 2511 parietis
886 2443 1051 2510 aspicientis
1063 2448 1162 2495 contra
1175 2445 1316 2497 orientem

167 2514 271 2560 storto
290 2510 347 2560 sole
372 2510 492 2559 intendit
515 2516 544 2560 et
560 2511 740 2561 illuminatur.
781 2510 874 2561 stellio
898 2512 932 2562 de
956 2511 1045 2562 colore
1069 2510 1189 2562 inditum
1212 2528 1316 2565 nomen

164 2577 258 2628 babet.
296 2582 338 2628 est
357 2579 430 2628 euim
448 2583 556 2643 tergore
579 2579 670 2644 pictus
693 2578 850 2629 lucentibus
874 2579 959 2644 guttis
981 2580 1011 2628 in
1029 2578 1136 2629 modum
1155 2579 1313 2633 stellarum.

166 2645 200 2695 de
219 2661 270 2710 quo
289 2645 406 2695 Ouidius
430 2644 498 2707 (met.
521 2648 547 2696 V
563 2646 637 2709 ⁴100:

858 2736 1007 2795 aptumque
1025 2730 1111 2781 colori

368 2811 466 2846 nomeu
489 2797 588 2858 habet,
619 2798 705 2847 uariis
729 2798 842 2847 stellata
868 2814 982 2863 corpora
1005 2797 1109 2864 guttis)

166 2882 203 2931 cf.
223 2880 321 2929 Festus
347 2896 373 2944 p.
399 2880 461 2931 313:
506 2881 670 2931 ‘stelionem
696 2897 776 2945 penas
804 2887 873 2931 rerinl
896 2887 1009 2932 lacertae
1037 2885 1106 2948 quod
1131 2884 1221 2934 stillet
1249 2886 1315 2935 cibo

161 2953 248 3013 potius
277 2964 349 3012 quum
379 2956 404 2996 at
426 2955 516 3011 putant
547 2950 583 2998 uli
614 2965 631 2998 a
653 2949 796 2999 stellarum
824 2952 996 3005 similitudine.
1028 2956 1086 3015 preto
1116 2953 1226 3008 uarium
1250 2952 1313 3002 est’

165 3014 198 3065 39
216 3029 288 3079 squ:
325 3016 437 3065 ‘Omnes
460 3021 552 3067 autem
576 3023 719 3082 serpentes
742 3023 842 3067 natura
865 3033 915 3067 sua
938 3018 1056 3082 frigidae
1084 3024 1148 3067 sunt
1171 3035 1224 3069 uec
1250 3037 1313 3086 per-

165 3084 286 3142 cutiunt,
317 3084 372 3133 uisi
396 3085 504 3148 quaudo
531 3085 686 3134 calescunt:
722 3100 786 3133 nam
815 3086 924 3149 quaudo
947 3090 1011 3134 sunt
1039 3086 1173 3151 frigidae,
1206 3087 1314 3138 nullum

164 3155 290 3213 tangunt.
326 3151 397 3200 surde
421 3157 448 3200 et
470 3167 579 3203 uenena
602 3168 695 3202 earrrm
718 3152 779 3217 plus
802 3153 846 3202 die
867 3169 947 3216 quam
966 3158 1169 3203 uoctcnoeent.
1200 3162 1314 3220 torpent

166 3219 238 3268 enim
256 3219 344 3267 noctis
363 3219 457 3281 algore
478 3226 505 3268 et
522 3222 633 3281 merito,
661 3222 727 3284 qrriu
750 3220 869 3285 frigidae
893 3226 956 3270 sieut
973 3227 1191 3271 nocturnorore.
1229 3225 1258 3272 in
1281 3239 1313 3273 ae

166 3286 238 3334 enim
263 3285 402 3334 adducunt
423 3302 553 3351 uaporem
577 3288 686 3351 gelidae
710 3294 803 3352 pestes
827 3293 856 3337 et
879 3296 997 3337 naturae
1021 3289 1148 3354 frigidae.
1186 3290 1261 3340 unde
1285 3295 1314 3340 at

164 3353 255 3403 hieme
274 3354 303 3401 in
320 3354 405 3403 nodos
424 3360 541 3419 torpent,
562 3361 670 3405 aestate
689 3355 839 3405 uoluuntur.
871 3356 935 3405 iude
955 3362 1005 3411 est.
1026 3357 1096 3420 quod
1110 3357 1173 3405 dum
1187 3359 1313 3421 quicum·

165 3435 217 3485 que
236 3422 404 3484 serpentium
422 3437 529 3472 ueneno
552 3425 719 3488 percutitur,
743 3425 859 3488 primunr
877 3425 1064 3488 obstupescit:
1085 3429 1113 3474 et
1130 3431 1244 3489 postea,
1264 3426 1314 3476 ubi

164 3490 193 3538 in
217 3488 265 3538 illo
289 3488 456 3540 calefactum
480 3492 568 3555 ipsum
591 3493 667 3540 uirus
692 3492 840 3551 exarserit,
870 3492 963 3539 statim
986 3493 1124 3540 bominem
1151 3493 1312 3558 extinguit)

164 3557 210 3604 42:
231 3556 327 3606 ‘Omne
347 3563 439 3607 autem
457 3574 593 3608 uenenum
612 3559 741 3623 trigidum
760 3564 803 3608 est
821 3566 849 3608 et
866 3559 929 3608 ideo
953 3559 1046 3608 anima
1070 3575 1140 3623 quae
1164 3560 1251 3623 ignea
1270 3567 1314 3611 est

163 3625 236 3689 fugit
254 3639 389 3674 uenenum
408 3625 546 3690 frigidum.
584 3628 613 3676 iu
630 3626 803 3676 naturalibus
821 3626 910 3683 bonis,
931 3642 1002 3690 qrrae
1021 3628 1100 3676 uobis
1119 3631 1148 3675 et
1160 3627 1312 3680 irrationa—

164 3692 237 3740 libus
256 3693 443 3742 unimantibus
467 3693 591 3745 uidemus
615 3710 677 3743 esse
705 3695 872 3755 communia,
896 3695 1050 3743 uiuacitate
1076 3694 1194 3759 quadam
1212 3712 1313 3747 sensus

164 3775 277 3823 serpens
302 3759 433 3808 excellit)
473 3761 520 3810 44:
547 3761 657 3811 Nullum
687 3770 779 3811 utitem
802 3762 905 3810 animal
929 3762 958 3810 in
984 3766 1064 3810 tanta
1088 3762 1235 3812 eeleritate
1259 3764 1312 3815 lin·

164 3842 246 3891 guam
264 3832 357 3876 mouet
378 3832 409 3876 ut
431 3842 558 3892 serpens,
589 3830 659 3879 adeo
682 3834 712 3879 ut
733 3829 870 3893 triplicem
894 3830 1018 3892 linguam
1041 3829 1144 3880 habere
1169 3830 1311 3893 uideatur,

164 3909 224 3942 eum
243 3908 298 3942 una
316 3891 372 3943 ait.¹
408 3893 442 3942 45
460 3909 533 3959 sqq.:
563 3896 703 3962 ‘vestigia
726 3898 896 3961 serpentium
914 3897 984 3945 talia
1002 3903 1077 3955 suut,
1103 3902 1134 3946 ut
1151 3912 1214 3947 cum
1232 3900 1312 3964 pedi-

163 3962 214 4010 bus
233 3976 328 4010 carere
350 3960 504 4019 uideantur,
525 3966 610 4013 costis
628 3969 720 4014 tamen
738 3971 766 4013 et
778 3980 979 4028 squammarum
992 3965 1098 4014 nisibus
1111 3970 1221 4029 repant,
1241 3983 1312 4032 (guas

164 4045 180 4077 a
199 4044 301 4076 stimmo
321 4033 430 4092 gutture
448 4044 533 4093 risque
559 4031 594 4079 ad
613 4033 695 4081 imam
715 4032 806 4081 aluum
825 4033 908 4096 parili
926 4032 1005 4081 modo
1024 4032 1174 4097 dispositas
1193 4033 1310 4085 habent.

164 4096 312 4160 squammis
331 4096 403 4143 enim
422 4098 501 4158 quasi
519 4099 665 4162 unguibus,
686 4101 770 4148 costis
790 4101 868 4163 quasi
892 4100 1017 4148 eruribus
1036 4101 1199 4149 innituntur.
1237 4103 1311 4153 unde

163 4164 234 4211 siin
253 4161 377 4226 qualibet
395 4165 517 4226 corporis
535 4172 613 4229 parte
633 4167 668 4215 ab
687 4167 750 4216 aluo
768 4183 852 4232 usqua
872 4168 907 4217 ad
926 4173 1011 4231 caput
1035 4169 1091 4216 ictu
1117 4167 1212 4231 aliquo
1230 4170 1313 4220 colli-

163 4229 251 4289 datur,
272 4229 373 4278 ‹lebilis
391 4230 497 4279 reddita
517 4248 623 4282 cursum
643 4234 746 4285 habere
765 4250 819 4284 neu
838 4236 937 4299 possit.
963 4235 1028 4298 quia
1051 4236 1217 4298 ubicumque
1236 4238 1312 4288 ictus

164 4295 211 4345 ille
232 4296 375 4359 inciderit,
395 4297 503 4362 apinam
522 4299 606 4348 soluit
632 4317 780 4365 perquam
799 4308 935 4352 costarum
953 4301 1039 4366 pedes
1058 4309 1086 4352 et
1103 4307 1194 4351 metus
1213 4319 1312 4370 corpo·

163 4364 201 4411 ris
220 4365 382 4427 agebantur.
418 4373 560 4430 serpentes
579 4373 670 4418 autem
688 4370 736 4419 diu
753 4370 848 4420 uiuere
871 4371 1011 4429 dicuntur,
1035 4370 1104 4420 adeo
1127 4375 1158 4419 ut
1180 4371 1313 4438 deposita
