2964 5002
630 413 636 425 .
670 384 712 423 na
735 382 854 425 rearis
1309 363 1328 424 9

187 552 282 617 paene
311 551 448 616 semper
484 528 578 593 lactis
607 528 704 593 rebus
735 530 843 593 exitus
871 529 980 593 tristes
1008 536 1044 591 ut
1070 527 1245 593 liberorum
1274 529 1329 593 ad·

187 634 285 717 gnitio
323 632 599 717 formarumque
638 632 780 717 priorum
814 632 848 694 in
882 631 975 716 peius
1005 658 1048 692 *a
1085 630 1119 693 in
1148 630 1208 693 hac
1243 656 1328 695 aas.

189 754 283 819 quare
305 735 402 797 uaria
425 733 617 797 definitione
639 732 800 797 discretae
821 742 907 796 sunt.
952 731 1056 795 altera
1080 733 1167 795 enim
1188 724 1329 796 ἀκίνδυ-

190 856 244 908 νος
264 829 418 918 iactavi,
441 834 547 899 altera
568 829 667 917 τύχης
683 837 874 916 nectareas
889 833 978 896 dicta
999 842 1059 895 est.
1092 833 1227 897 tristitia
1241 855 1330 897 nam·

172 957 250 1021 sque
265 936 455 1021 tragoediae
473 938 655 1023 proprium,
677 936 815 1021 ideoque
829 934 1005 1019 Euripides
1023 944 1154 1021 petente
1169 934 1332 1001 Archelao

191 1049 320 1120 regent
341 1038 381 1101 de
404 1060 440 1101 se
463 1038 665 1122 tragoediam
684 1037 841 1101 scriberet
858 1036 972 1099 abnuit
992 1058 1030 1099 ac
1049 1046 1199 1122 precatus
1218 1045 1268 1100 cst
1290 1059 1331 1101 ue

192 1136 351 1203 accideret
372 1137 537 1202 Archelao
559 1138 683 1226 aliquid
708 1139 898 1224 tragoediae
922 1139 1133 1222 (proprium),
1156 1138 1330 1203 ostendens

192 1237 267 1301 nihil
288 1239 378 1304 aliud
402 1261 477 1303 esse
499 1241 700 1325 tragoediam
730 1262 825 1326 quam
853 1240 1057 1302 miseriarum
1081 1240 1330 1324 conprehensio·

195 1355 272 1403 nem.
302 1341 424 1406 Poetae
442 1342 539 1428 primi
558 1343 672 1405 comici
688 1343 820 1406 fuorunt
833 1341 987 1423 Susariou
1000 1340 1120 1403 Mullus
1132 1350 1165 1404 et
1179 1341 1329 1425 Magnes.

166 1445 223 1510 ahi
241 1444 362 1508 ueteris
385 1443 580 1528 disciplinae
601 1443 758 1508 iocularia
786 1442 946 1531 quaedam
968 1443 1076 1505 minus
1100 1443 1181 1506 scite
1211 1465 1250 1506 ac
1276 1466 1330 1507 ue·

194 1557 281 1610 nuste
302 1543 579 1630 pronuntiabant,
602 1546 635 1608 in
656 1545 776 1630 quihus
799 1544 832 1607 hi
854 1565 968 1606 uersus
992 1543 1139 1608 fuerunt:
1231 1587 1235 1594 -

697 1647 901 1727 Σουσαρίων
924 1645 1027 1708 ταῦτα
1049 1643 1153 1727 λε’γιι·

340 1738 447 1811 κακὸν
469 1757 640 1828 γυναῖκες·
665 1739 738 1810 dll’
762 1740 868 1830 ὅμως,
892 1730 918 1808 ei
939 1743 1092 1830 δημόται,

339 1839 405 1911 οὐκ
426 1849 518 1911 ἔστιν
540 1837 653 1930 εὑρεῖν
674 1850 785 1912 οἰκίαν
807 1840 890 1911 ἄνευ
914 1848 1032 1911 κακοῦ.

165 1950 334 2015 resecanda
367 1957 475 2013 aetate
508 1949 640 2013 fuerunt
668 1949 904 2037 Aristophanes
931 1950 1068 2036 Eupolis
1104 1959 1137 2014 et
1167 1949 1331 2033 Cratinus,

195 2055 243 2140 qui
266 2051 320 2116 uel
346 2051 531 2138 principum
552 2051 635 2114 uitia
662 2052 777 2115 sectati
798 2050 1026 2116 acerbissimas
1051 2052 1234 2117 comoedias
1258 2073 1332 2119 con·

192 2161 376 2241 posuerunt.
414 2153 512 2216 tertia
534 2160 623 2216 aetas
641 2153 704 2217 fuit
724 2152 897 2217 Menandri
918 2152 1045 2237 Diphili
1068 2164 1101 2217 et
1121 2153 1332 2236 Philemonis,

196 2257 245 2342 qui
262 2277 390 2320 omnem
412 2252 625 2318 acerbitatem
648 2255 835 2320 comoediae
856 2255 1089 2340 mitigauerunt
1115 2267 1214 2340 atquc
1236 2276 1331 2340 argu·
1380 2333 1382 2336 y

194 2367 298 2421 menta
319 2355 517 2441 multiplicia
539 2347 674 2439 (ἤθεσιν
696 2356 742 2439 et)
774 2355 937 2420 erroribus
963 2357 1065 2420 secuti
1089 2365 1164 2420 sunt
1218 2357 1259 2420 ab
1281 2357 1332 2420 his

195 2532 281 2595 mugili
299 2532 412 2578 timores
431 2529 522 2577 exitus
541 2528 645 2577 funesti
666 2528 812 2580 hahentur.
843 2535 871 2578 et
889 2528 947 2581 illic
964 2529 1122 2579 turbulenta
1135 2529 1237 2593 prima,
1257 2534 1332 2578 tran-

195 2598 275 2662 quille
293 2597 401 2645 ultima.
433 2597 461 2644 iu
481 2597 625 2660 tragoedia
644 2597 784 2645 contrario
804 2597 898 2646 ordine
917 2613 961 2646 res
981 2603 1107 2661 aguntur.
1140 2602 1196 2644 tum
1215 2597 1285 2659 quod
1305 2598 1332 2645 iu

194 2665 334 2730 tragoedia
351 2663 486 2727 fugienda
505 2665 576 2725 uita,
597 2665 625 2713 iu
644 2664 786 2714 comoedia
806 2665 977 2729 capessenda
996 2665 1165 2729 exprimitur.
1197 2670 1332 2729 postremo

194 2733 259 2797 quod
278 2732 366 2782 omnis
385 2731 529 2780 comoedia
541 2731 574 2780 de
594 2731 665 2782 fletis
679 2738 721 2781 est
734 2734 917 2796 argumentis,
939 2733 1083 2796 tragoedia
1102 2747 1185 2795 saepe
1200 2731 1345 2784 abbiate.

194 2802 250 2849 rica
266 2800 320 2849 fide
339 2797 467 2864 petitur.'

1058 2858 1074 2889 ἱ

192 2903 390 2914 ———

277 2964 286 3013 1
302 2960 336 3009 ut
353 2956 474 3024 scripsi:
493 2961 521 3009 ct
538 2955 624 3010 ΑΒΜ
636 2948 649 3034 Η
665 2952 828 3011 liberorum
843 2976 874 3024 ςε
887 2953 1059 3012 hiberorum
1075 2956 1108 3012 M
1118 2953 1267 3012 iberorum
1281 2957 1333 3010 ΑΒ

190 3036 228 3117 li
244 3039 491 3114 fortunarumque
510 3034 710 3113 (summarum
727 3059 805 3118 quae
818 3040 863 3114 M)
881 3039 1010 3117 priorum
1024 3037 1080 3109 (sic
1091 3060 1121 3109 ς,
1137 3040 1218 3114 prior
1234 3043 1257 3094 A
1263 3041 1333 3109 BM)
1435 3038 1437 3042 ’

192 3127 220 3182 in
236 3123 325 3202 peius
343 3120 480 3197 adgnitio
496 3123 583 3179 ΑΒΜ
595 3128 693 3198 vrelyo:
715 3123 849 3200 adgnitio
872 3127 1039 3196 amrsposai
1054 3133 1081 3179 et
1103 3127 1224 3180 laccarius
1243 3143 1283 3180 ιϊ.
1304 3124 1333 3179 iu

191 3209 246 3266 hac
265 3211 370 3264 adelitia·
391 3209 531 3264 indicaui:
547 3209 578 3265 iu
593 3208 699 3285 patruis
717 3209 829 3283 agnitio
846 3210 876 3266 in
897 3209 955 3266 hac
971 3206 1107 3265 tristibus
1126 3208 1254 3265 laetiora
1266 3228 1333 3264 auc·

190 3276 312 3350 cedunt.
341 3310 435 3369 quare
453 3294 598 3349 Busehias
618 3290 631 3364 Η
653 3294 784 3355 311ariat
808 3294 928 3367 (uareat
943 3293 1014 3368 BM)
1032 3291 1198 3349 difinitione
1221 3294 1308 3349 ΑΒΜ
1327 3294 1329 3369 Η

189 3377 349 3436 acindiaos
376 3376 518 3453 perioche
541 3376 696 3455 (pariocha
722 3377 767 3454 Μ)
798 3378 896 3435 altera
921 3378 1022 3456 tychis
1050 3378 1206 3454 peristasis
1234 3377 1334 3435 dictae

183 3472 258 3521 sunt
270 3463 358 3518 ΑΒΜ
372 3456 385 3539 Η
400 3460 557 3539 oideoque
570 3483 600 3530 ςε
615 3461 683 3519 idco
698 3462 778 3539 quod
790 3465 878 3519 ΑΒΜ
889 3457 901 3542 Η
917 3471 933 3522 6
946 3462 1084 3521 scrihcrit
1095 3465 1182 3519 ΑΒΜ
1193 3456 1207 3542 Η
1223 3461 1335 3519 abnuet

187 3549 249 3605 ΑΜ
260 3541 273 3625 Η
289 3553 304 3606 7
318 3545 480 3603 accederet
492 3548 578 3603 ΑΒΜ
591 3541 604 3626 Η
618 3548 771 3635 proprium
784 3568 836 3604 om.
850 3549 944 3615 ΑΒΜ,
957 3552 1022 3605 redd.
1037 3568 1068 3616 ς.·
1086 3556 1187 3623 aptum
1203 3551 1263 3604 eod.
1277 3550 1334 3602 Po-

186 3636 299 3688 risinus
323 3637 397 3711 foss
419 3634 499 3703 (apud
519 3633 713 3703 Goissordium
730 3626 744 3712 Η
759 3643 775 3693 9
791 3632 899 3689 mullus
916 3632 1073 3689 ΑΒιιιιΙΙιιε
1086 3634 1119 3687 M
1135 3631 1243 3689 Rullus
1265 3634 1335 3689 Cas-

185 3722 288 3773 serr'as
303 3710 317 3794 Η
335 3725 366 3775 ta
381 3715 541 3791 iaculatria
552 3718 605 3772 AB
622 3715 750 3773 ioculac.
766 3725 833 3774 utra
848 3719 882 3773 M
893 3716 1071 3775 ioculatoria
1091 3738 1107 3784 ς
1122 3710 1135 3794 Η
1154 3727 1179 3777 11
1204 3736 1335 3792 proauu-

186 3800 286 3859 tiahat
307 3801 365 3856 ΑΜ
386 3795 398 3879 Η
423 3809 454 3859 ll
477 3798 613 3857 srrsariou
635 3808 684 3857 tau
708 3802 840 3877 talogica
866 3822 1004 3880 cougyue
1035 3801 1238 3859 cecallumoso
1264 3800 1335 3857 adc-

184 3884 271 3944 mete
297 3885 392 3941 useel}
418 3885 502 3941 curin
523 3886 635 3962 yciaua
659 3906 718 3942 neu
742 3907 816 3943 raca
835 3892 859 3943 Α
881 3887 1017 3944 sarsuriou
1043 3894 1127 3943 tauta
1152 3887 1213 3960 legi
1241 3906 1335 3942 eacou

183 3989 272 4049 gyne
288 3989 342 4026 cae
359 3968 506 4026 allumoso
520 3968 660 4027 oilemote
683 3991 719 4027 uc
736 3973 792 4028 esti
812 3972 896 4030 curin
912 3973 1003 4051 yciau
1019 3991 1095 4029 circu
1114 3992 1187 4029 caru
1204 3975 1231 4027 ,Β
1250 3991 1334 4027 susa·

183 4058 252 4114 tion
273 4053 428 4128 tantalegi.
444 4073 538 4111 cacou
557 4073 639 4131 gyne
663 4056 840 4114 cetalamos.
869 4057 1029 4115 oodemote
1053 4056 1131 4113 ucsti
1155 4054 1261 4132 euryni
1285 4073 1328 4109 ca·

183 4160 257 4198 nau.
281 4158 395 4196 eucacu
414 4140 448 4195 Μ
462 4125 598 4196 Ἀκούετε
624 4137 718 4210 λέξιν,
741 4141 914 4214 Σουσαρίων
933 4137 1004 4210 λέξει
1032 4133 1100 4196 reida
1121 4128 1213 4196 κακὸν
1233 4156 1292 4208 sqq.
1320 4159 1336 4204 ς

184 4230 188 4277 1
213 4223 395 4285 {saratinus
416 4244 448 4292 ςι
460 4225 579 4281 ‘oratius
599 4228 686 4282 ΑΒΜ
705 4221 717 4306 Η
743 4236 772 4287 16
789 4226 838 4282 uel
854 4229 974 4297 scripsi:
993 4236 1023 4282 et
1045 4227 1132 4281 ΑΒΜ
1146 4221 1158 4303 Η
1174 4221 1334 4280 acci-uissi-

183 4329 253 4367 mas
279 4311 330 4364 ΑΒ
347 4308 548 4367 aceruiuimas
567 4311 599 4365 Μ
613 4306 625 4389 Η
645 4318 673 4371 17
693 4309 791 4367 ‹lil'hili
812 4313 838 4367 Β
853 4311 929 4388 phili
950 4312 982 4365 M
1003 4309 1044 4366 tili
1063 4314 1087 4364 Α
1103 4304 1115 4385 Η
1136 4319 1165 4367 18
1185 4303 1333 4361 riceruita-

182 4408 248 4451 tem
270 4396 355 4450 ΑΒΜ
368 4388 381 4473 Η
398 4391 499 4472 adque
521 4398 546 4450 Α
560 4389 573 4473 Η
592 4406 623 4457 19
641 4385 745 4470 Ηθεσιν
761 4408 791 4453 et
804 4400 909 4468 scripsi
915 4420 924 4451 :
935 4393 1055 4470 graccis
1068 4393 1155 4447 ΑΒΜ
