2964 5002
653 385 757 429 csrvr
780 388 819 428 111
1240 372 1300 434 471

171 538 271 599 bitum
282 538 358 597 satis
370 545 498 599 constet.
514 547 629 597 eertum
641 538 763 617 quidem
773 530 895 600 uidetur
903 559 963 599 uon
974 539 1219 601 ultraActiacam
1227 564 1301 623 pug-

168 660 235 700 nam
256 639 437 701 Suetonium
459 659 652 718 progressum
677 660 759 712 esse,
790 643 931 720 quoniam
955 651 1100 721 excerpta
1121 643 1304 723 Hieronymi

167 743 200 803 ia
217 743 274 801 boc
293 750 413 819 tempus
434 739 591 817 desinuut;
622 742 678 801 ssd
704 762 758 820 pro
780 743 896 803 incerto
920 743 1093 805 habendum
1112 753 1176 818 est,
1202 766 1220 805 a
1243 767 1302 826 quo

167 854 301 924 temporo
326 843 484 902 historiam
503 864 587 903 orsus
609 845 656 905 sit.
694 865 764 905 nam
784 844 953 923 fragmento
971 846 1025 905 illo
1047 847 1136 908 Servi
1159 847 1302 909 discimus

168 947 259 1006 etism
280 946 444 1025 piraticum
466 944 580 1005 bellum
604 966 623 1005 a
643 947 789 1007 Suetonio
809 957 963 1008 usmetum
991 967 1074 1021 esse,
1101 959 1135 1009 ut
1155 947 1305 1029 adpareat

118 1124 124 1135 ι
167 1066 233 1107 cum
254 1067 317 1108 nou
332 1065 352 1105 a
369 1056 467 1107 morte
475 1047 603 1126 Pompei
625 1067 674 1107 res
690 1049 842 1108 Romanas
863 1050 1091 1130 perscripsisse,
1116 1051 1173 1111 etsi
1191 1051 1301 1111 Hiero·
1338 1108 1346 1127 ,

166 1168 274 1231 aymus
288 1148 479 1229 excerpendi
499 1150 618 1209 initium
636 1149 674 1208 ab
691 1150 749 1210 hoc
761 1161 897 1230 ternpore
911 1153 1075 1232 sumpsisse
1091 1151 1223 1214 videtur.
1256 1154 1302 1212 vi·

166 1250 229 1311 deri
244 1249 385 1309 consulto
402 1250 482 1327 dixi,
516 1250 678 1310 numidam
692 1252 784 1311 refert
800 1273 860 1332 quo
877 1273 955 1313 auno
969 1254 1132 1335 Pompeius
1146 1263 1234 1315 natus
1251 1255 1301 1314 sit.

166 1352 221 1413 hoc
234 1351 355 1412 scilicet
367 1351 604 1412 additamentum
619 1354 658 1413 ad
676 1342 791 1414 Eusebi
806 1355 969 1415 chronicon
982 1366 1105 1436 propter
1119 1355 1195 1415 illud
1213 1354 1303 1415 Servi

166 1453 368 1515 testimonium
385 1453 432 1513 his
450 1455 583 1514 historiis
602 1454 724 1533 (fragm.
738 1455 830 1534 208*)
844 1457 1004 1518 vindicare
1024 1458 1116 1517 malui
1132 1477 1223 1538 quam
1235 1477 1303 1517 cum

165 1558 352 1618 Mommseuo
362 1555 467 1617 sedem
478 1557 507 1616 oi
521 1557 623 1615 invita
631 1556 789 1619 Ciceronis
800 1558 907 1620 eodem
916 1560 1304 1640 quoPompeiusannouati

114 1716 118 1723 .
166 1658 338 1738 adsignare·
358 1678 437 1738 quae
446 1659 470 1717 si
486 1661 742 1738 reputaverimus,
756 1681 817 1721 nou
828 1661 1058 1741 inprobabiliter
1068 1663 1303 1723 statuemushoc

166 1762 258 1823 fuisse
273 1761 401 1822 Suetoni
412 1761 570 1821 consilium
578 1771 611 1821 ut
623 1764 653 1820 iu
667 1764 770 1841 primis
782 1763 865 1825 bella
878 1763 981 1824 civilia
989 1783 1068 1844 quac
1081 1783 1148 1824 cum
1155 1764 1302 1843 Pompeio

167 1865 281 1925 (lassat
297 1873 328 1924 ct
346 1861 534 1923 Octavianus
553 1883 620 1923 cum
634 1865 767 1925 Antonio
778 1853 945 1943 gessissent
958 1875 1126 1942 enarraret,
1142 1866 1232 1926 simul
1245 1851 1301 1925 au-

166 1976 224 2027 tsm
231 1964 334 2025 omnia
346 1965 598 2044 conplecteretur,
606 1985 686 2046 quae
693 1965 732 2026 ad
745 1969 836 2027 vitam
846 1971 975 2049 ipsorum
989 1967 1301 2046 ducumpertinerent.
1317 2000 1320 2009 ·

249 2065 340 2145 Quas
357 2086 422 2127 cum
438 2068 481 2127 ita
492 2069 553 2127 sint
570 2068 706 2128 adducor
719 2078 753 2128 nt
769 2056 891 2128 credam
904 2068 1073 2129 ·Sidonium
1091 2070 1301 2149 Apollinarem

166 2191 222 2231 uon
239 2189 359 2231 amasse
376 2170 430 2242 (cf.
444 2170 650 2249 Nipperdeius
666 2180 782 2250 quaest.
797 2170 919 2230 (laesor.
931 2190 962 2248 p·
978 2169 1042 2248 36),
1059 2191 1127 2230 cum
1138 2172 1301 2232 hascscri-

167 2272 253 2333 beret
268 2272 332 2353 (ep.
350 2270 443 2330 Vllll
462 2282 496 2335 ll
509 2271 548 2331 ad
564 2270 837 2350 Burgundionem):
871 2277 969 2330 eminet
982 2275 1029 2329 tibi
1044 2275 1168 2331 tiemads
1182 2276 1302 2332 celeber·

166 2380 228 2433 riori
240 2378 334 2434 'uotiua
351 2375 508 2445 redhibitio,
531 2378 593 2434 laus
613 2378 736 2433 uidelicet
751 2377 914 2449 peroranda
934 2394 1017 2448 quam
1031 2376 1159 2431 edideras
1175 2377 1305 2432 Caesaris

166 2478 234 2538 tati.
265 2492 339 2553 quac
357 2480 473 2533 materia
494 2483 549 2533 tam
567 2479 686 2551 praisdis
703 2486 744 2534 est
764 2485 793 2533 ut
804 2479 957 2534 studentum
976 2480 1001 2533 si
1018 2479 1080 2548 quis
1092 2474 1181 2548 suerit
1200 2479 1244 2532 ille
1258 2493 1302 2533 co-

162 2583 330 2653 piosissimus
345 2579 414 2636 nibil
425 2580 543 2651 amplius
556 2582 657 2652 inipso
670 2581 765 2636 sidicat
778 2594 879 2635 cauma
893 2596 976 2651 quam
987 2578 1098 2651 nequid
1111 2579 1201 2633 minus
1218 2579 1301 2634 dicat.

165 2699 229 2739 naus
240 2684 267 2738 si
278 2684 452 2752 omittantur,
467 2697 539 2753 qaae
554 2684 587 2737 de
598 2683 680 2737 titulis
693 2683 833 2737 dictatoris
847 2683 942 2737 intacti
958 2683 1065 2753 scripta
1081 2679 1226 2735 Patauinis
1238 2685 1305 2735 sunt

160 2782 358 2851 'summissa
370 2785 430 2856 quis
441 2793 527 2853 opera
539 2783 661 2839 Suetonii
670 2786 732 2856 qais
744 2784 855 2840 quenti
863 2782 1001 2839 Martialis
1011 2783 1151 2838 lammam
1158 2782 1254 2854 quisue
1264 2782 1304 2836 ad

166 2891 318 2943 eudemum
328 2885 418 2940 Balbi
429 2886 628 2958 ephemeridem
640 2885 730 2957 [arido
745 2886 953 2957 adaeqreauerit.
975 2891 1137 2960 praeterea
1149 2878 1302 2939 commode

166 2985 358 3067 explicantur
372 3004 410 3043 ea
420 3004 498 3064 quae
512 2987 544 3044 in
560 2986 671 3063 optimo
684 2994 715 3043 et
729 2985 937 3063 antiquissimo
949 2980 1092 3043 Caesaris
1105 2980 1210 3042 codice
1222 2982 1301 3041 Bon·

165 3089 304 3166 garsiam
319 3087 415 3166 primo
437 3086 491 3165 (cl.
504 3086 708 3166 Nipperdeius
725 3086 745 3145 l.
761 3086 803 3164 c.)
819 3096 887 3165 post
906 3084 1000 3143 verba
1019 3085 1105 3143 initio
1120 3086 1221 3164 posita
1236 3089 1301 3143 inei-

164 3196 202 3265 pit
213 3193 283 3248 liber
295 3192 366 3271 (iiiii¹
375 3192 504 3247 Caesaris
517 3192 579 3246 belli
593 3192 691 3247 Gallici
705 3190 810 3246 Iuliani
825 3193 859 3245 de
873 3190 1035 3245 narratione
1046 3196 1197 3262 temporum
1213 3185 1303 3246 rubro

166 3291 318 3371 adscripta
327 3300 397 3352 sunt
408 3296 501 3365 incipit
509 3294 576 3349 liber
582 3293 710 3349 Suetonii.
727 3310 834 3369 nempe
848 3291 1023 3349 coniectura
1036 3289 1093 3347 suit
1104 3289 1168 3347 eius
1180 3290 1233 3369 qui
1244 3290 1302 3349 sci·

166 3404 210 3455 rat
221 3393 401 3455 Suetonium
412 3413 473 3452 non
487 3393 582 3452 solum
595 3393 626 3450 in
639 3389 803 3451 Caesarum
814 3389 899 3451 libris
912 3391 1068 3469 scripsisse
1082 3389 1121 3449 de
1131 3391 1214 3450 Divo
1223 3391 1301 3450 Iulio

165 3496 325 3558 sedetiam
346 3497 377 3554 in
392 3495 526 3554 historiis
546 3494 608 3552 illis
624 3493 736 3552 bellum
755 3495 820 3552 siris
837 3493 990 3552 Gallicum
1009 3501 1205 3570 persecutum
1221 3512 1300 3552 esse.

167 3599 224 3658 iam
245 3617 321 3658 vero
345 3599 424 3658 haec
452 3596 624 3655 coniectura
648 3595 697 3654 vel
719 3597 818 3673 potius
842 3595 891 3653 hic
914 3615 996 3654 error
1016 3615 1071 3672 pro
1091 3594 1302 3674 antiquissimo

166 3699 322 3761 habendus
346 3708 407 3772 cst,
431 3718 497 3757 cum
516 3697 621 3777 quinto
642 3697 768 3779 ‚saeculo
786 3697 909 3757 Orosius
931 3705 960 3768 6,
979 3705 995 3759 7
1012 3695 1200 3756 Caesariana
1220 3696 1303 3757 bella

168 3800 373 3881 descripturus
388 3801 465 3859 haec
481 3800 636 3878 praefatus
652 3800 706 3857 sit:
739 3801 814 3857 banc
835 3801 976 3865 historiam
992 3801 1138 3857 Suetonius
1155 3801 1180 3857 Τ
1178 3804 1301 3874 nunquit·

166 3909 207 3964 las
215 3907 376 3980 plenissime
391 3907 537 3977 explicuit,
554 3908 632 3961 cilius
646 3920 696 3960 nos
710 3911 889 3976 competentes
901 3905 1094 3973 portiunculas
1107 3904 1303 3975 decerpsimus.

168 4007 302 4088 sequitur
330 4015 431 4064 autom
452 4005 585 4081 epitoma
602 4003 640 4062 do
662 4001 874 4081 superstitibus
895 4002 968 4060 Divi
995 4002 1056 4061 Iuli
1081 4002 1303 4062 commentariis

169 4116 333 4170 contracta.
361 4104 468 4165 eadem
485 4115 583 4164 autem
601 4105 696 4164 verba
711 4103 902 4183 eandemque
918 4105 1080 4184 epitomem
1100 4104 1127 4163 is
1142 4105 1195 4182 qui
1209 4103 1302 4162 histo-

168 4210 238 4269 riam
254 4208 424 4269 miscellam
442 4210 600 4287 conposuit
614 4206 729 4284 recepit
740 4206 782 4263 ita
794 4215 826 4263 ut
838 4225 905 4263 cum
916 4206 1063 4284 Eutropio
1076 4205 1231 4265 conflaret.
1255 4203 1301 4262 sio

169 4311 278 4372 iactum
299 4320 359 4383 est,
380 4320 414 4369 ut
433 4329 461 4367 a.
482 4320 549 4371 1544
563 4309 716 4369 Robertus
733 4307 906 4387 Stephanus
923 4308 1003 4367 hanc
1023 4306 1166 4366 historiae
1182 4303 1300 4364 miscel·

169 4412 216 4477 tm
235 4422 353 4496 partem
374 4412 518 4489 inscripto
535 4412 624 4472 titulo
640 4413 769 4485 Eutropii
788 4414 901 4485 epitome
923 4412 985 4468 belli
1007 4411 1104 4468 Gallici
1123 4425 1162 4497 ea
1183 4408 1299 4467 Susiani
