2964 5002
172 365 234 426 474
507 382 730 433 qvausrronss
758 383 982 428 sveuosrauaa

170 536 382 595 obscuraretur
395 535 570 597 auctoritas.
587 544 677 615 atque
689 536 967 597 extantFrontonis
977 531 1073 596 verbe
1084 537 1116 597 in
1127 537 1308 618 epistulaad

168 639 209 698 M.
226 637 383 697 Aurelium
395 636 622 698 adulescentem
637 637 708 696 data
725 658 753 717 p.
770 645 837 711 174,
855 635 935 698 unde
952 640 1013 698 iam
1024 638 1153 700 Rotbius
1164 661 1195 719 p.
1210 642 1309 703 VIIII

166 749 251 800 recte
266 739 401 817 conlegit
409 738 491 799 haud
501 740 546 798 ita
557 738 706 799 benevole
720 739 758 799 de
768 740 950 820 Tranquillo
959 741 1143 802 Frontonem
1154 744 1307 808 sensisse:

169 864 201 902 rs
219 845 373 917 Tranquilli
387 845 537 901 dadastanae
549 846 597 916 qui
608 846 664 900 nisi
677 846 762 901 sciret
772 853 872 918 quanto
886 861 969 918 opere
983 860 1026 904 me
1040 846 1167 919 diliqcres
1181 851 1308 905 noberta

167 949 238 1004 mum
254 947 455 1019 monopolium
468 946 520 1002 sibi
531 963 673 1018 nunquam
696 948 851 1019 expetisset.
877 942 1067 1025 praecedunt
1087 954 1189 1006 autam
1210 947 1307 1007 haec:

166 1051 269 1105 irruenti
282 1054 372 1104 uatem
386 1063 429 1104 me
441 1047 618 1121 Tranquillus
628 1065 690 1104 eum
701 1049 818 1121 frigeret
828 1051 908 1105 dmm
919 1064 994 1105 nunc
1004 1055 1150 1106 ualentem.
1171 1058 1202 1109 et
1213 1050 1307 1128 paulo

168 1158 253 1208 ante:
289 1165 350 1205 meu
368 1167 473 1223 porum
495 1150 600 1223 refert,
626 1152 688 1222 quac
706 1164 750 1205 mc
773 1149 807 1206 de
834 1153 911 1206 coru
930 1149 977 1207 tibi
998 1154 1094 1207 amiur
1119 1152 1228 1225 diligat,
1252 1157 1309 1211 lusi

167 1253 241 1326 quod
262 1255 345 1324 prior
370 1255 440 1308 ratio
470 1261 517 1308 est·
533 1235 604 1323 eius,
631 1254 680 1324 qui
699 1253 788 1308 merus
812 1259 853 1309 est
873 1255 962 1309 nostri
983 1252 1156 1325 fastidiosus.
1199 1254 1308 1334 quanti

167 1361 269 1412 autem
299 1353 359 1410 iarn
384 1351 511 1411 Traiani
537 1361 672 1432 tempore
704 1351 832 1412 eruditio
858 1351 987 1414 Suetoni
1017 1353 1181 1413 aestimata
1205 1356 1248 1415 sit
1267 1375 1306 1416 ex

167 1454 249 1514 Plini
262 1453 400 1535 epistulis
411 1453 494 1514 clare
506 1455 706 1532 cognoscitur.
724 1462 911 1534 necpoterat
922 1453 1015 1513 facile
1024 1454 1239 1532 gloriadeesse
1252 1457 1307 1518 tali

167 1558 233 1616 viro
250 1556 302 1638 qni
320 1575 423 1616 omnes
440 1554 618 1615 eruditionis
636 1565 739 1636 partes
754 1556 921 1636 conplexus
935 1556 1014 1616 ultor
1030 1556 1127 1617 Varro
1137 1557 1304 1621 videretur.

168 1659 248 1740 quod
259 1666 362 1717 souma
374 1656 454 1737 apud
469 1656 603 1717 Gellium
615 1656 661 1717 bis
673 1667 789 1717 tantum
803 1659 867 1718 eius
879 1658 913 1719 lit
923 1658 1051 1732 mendo,
1066 1679 1133 1719 cum
1148 1660 1218 1720 aliia
1229 1661 1307 1722 locis

167 1780 277 1822 nomen
293 1760 357 1821 eius
370 1760 490 1820 silentio
506 1767 673 1840 prematur:
699 1767 792 1839 atque
807 1760 857 1819 hic
871 1761 915 1820 ita
930 1759 1052 1840 quidem
1063 1761 1192 1822 Suetoni
1203 1774 1307 1824 aucto·

166 1866 255 1924 ritate
277 1863 370 1921 utitur
390 1871 424 1920 nt
441 1862 541 1950 priore
564 1861 633 1921 loco
657 1861 816 1940 physicam
837 1863 1081 1923 observationem
1104 1883 1143 1924 ex
1166 1863 1306 1927 ludicrae

167 1965 311 2025 historiae
323 1962 400 2022 libro
412 1964 507 2043 primo
519 1972 620 2041 petat,
635 1964 732 2024 altero
743 1963 884 2024 historias
898 1965 967 2024 illas
982 1984 1058 2045 quas
1069 1975 1224 2044 postremo
1233 1967 1305 2029 loco

165 2067 254 2146 posui
268 2063 423 2125 adhibeat.
453 2073 484 2124 at
499 2064 551 2124 ubi
566 2075 636 2146 apte
651 2075 771 2144 poterat
782 2068 814 2126 ni
834 2066 926 2127 fallor
941 2066 1069 2127 Suetoni
1088 2068 1243 2129 thesauris
1260 2070 1306 2130 uti

166 2166 204 2228 ad
217 2170 398 2228 Frontonem
408 2167 577 2247 principem
588 2168 827 2248 antiquariorum
837 2168 982 2246 confugit,
997 2169 1092 2229 veluti
1100 2169 1132 2228 11
1139 2179 1166 2244 a,
1178 2169 1231 2230 nbi
1242 2190 1305 2232 ser·

166 2291 270 2332 mones
286 2271 328 2330 M.
345 2270 508 2330 Frontonis
530 2281 561 2328 et
576 2270 722 2330 Favorini
735 2270 907 2351 philosophi
930 2269 968 2329 de
987 2271 1152 2348 generibus
1171 2272 1306 2344 colorum

165 2372 384 2453 vocabulisque
409 2391 513 2432 eorum
530 2370 657 2432 Graecis
679 2382 712 2432 et
730 2372 848 2432 Latinis
870 2380 1007 2432 enarrat:
1040 2372 1201 2450 probabile
1224 2376 1306 2435 enim

166 2485 213 2535 est
223 2476 282 2535 hac
295 2474 334 2535 de
347 2494 382 2534 re
392 2474 672 2535 etiamSuetonium
683 2475 714 2534 in
725 2475 819 2554 pratis
831 2475 940 2551 egisse.
958 2473 994 2533 cf.
1006 2483 1169 2554 praetereo
1175 2476 1305 2538 XVIIII

165 2587 191 2641 8.
212 2589 251 2642 10.
270 2589 310 2641 13.
328 2596 385 2635 nec
400 2577 431 2635 in
445 2584 604 2635 ventorum
621 2577 792 2653 nominibus
808 2575 840 2634 11
857 2584 891 2636 22
906 2596 974 2635 eum
989 2596 1056 2636 curn
1071 2575 1220 2638 Suetonio
1235 2600 1305 2639 cou-

166 2683 278 2740 seutire
295 2682 353 2738 iarn
368 2697 458 2756 supra
474 2677 618 2737 vidimus:
656 2679 801 2737 Favorini
824 2679 942 2737 scilicet
963 2699 1118 2738 sermones
1140 2679 1179 2739 de
1198 2690 1304 2741 vento-

165 2804 229 2842 rum
245 2780 402 2840 vocabulis
418 2781 654 2860 regionibusque
669 2780 772 2839 refert.
805 2800 899 2860 quare
914 2782 1006 2839 etiam
1020 2782 1138 2840 Nonius
1153 2784 1206 2861 qui
1223 2785 1252 2842 in
1269 2783 1304 2842 li·

165 2884 219 2943 bro
235 2882 273 2942 de
291 2881 498 2962 conpendiosa
517 2882 654 2941 doctrina
666 2883 850 2962 antiquarios
866 2883 935 2941 illos
949 2884 979 2941 iu
995 2883 1041 2941 his
1056 2883 1189 2943 Gellium
1202 2887 1305 2965 sequi·

166 2995 212 3045 tur
236 3004 396 3064 numquam
420 3005 486 3043 cum
508 2984 654 3044 Suetonio
671 2986 839 3063 conspirat;
872 3005 930 3064 quo
958 2985 1208 3046 certeindicatur
1227 2990 1304 3048 anti·

166 3088 286 3168 querius
307 3086 345 3146 de
369 3087 519 3146 industria
540 3085 717 3146 Suetonium
735 3108 795 3146 non
817 3086 938 3147 adiisse.
975 3108 1032 3146 nec
1053 3088 1226 3148 Macrobius
1252 3093 1305 3169 qui

166 3199 196 3248 ct
214 3189 279 3266 ipse
296 3188 334 3248 dc
353 3189 454 3248 Gellio
470 3189 600 3248 maxime
616 3187 730 3266 pendet
748 3209 875 3269 usquam
897 3189 1025 3249 Suetoni
1046 3211 1155 3250 nornen
1177 3193 1304 3269 profert,

166 3293 222 3351 etsi
238 3312 305 3350 oum
323 3293 417 3371 copiis
433 3292 497 3349 eius
514 3312 600 3350 usum
622 3311 688 3350 esse
703 3311 795 3371 supra
810 3291 1012 3370 probavimus.
1047 3291 1101 3351 sed
1120 3312 1180 3352 non
1196 3293 1304 3353 viden·

164 3403 212 3453 tur
223 3395 384 3473 antiquarii
392 3394 610 3453 Suetonianam
622 3393 820 3452 eruditionem
830 3393 879 3452 diu
891 3393 1085 3470 obscurasse;
1098 3415 1168 3453 nam
1180 3397 1306 3457 ineunte
1336 3447 1342 3459 .

164 3496 286 3555 saeculo
315 3485 404 3554 tertio
433 3496 597 3555 Africanus
622 3495 859 3555 Christianorum
882 3498 995 3573 primus
1018 3497 1266 3578 chronographus
1287 3519 1307 3559 e

165 3597 292 3658 Suetoni
306 3599 426 3678 scriptis
446 3618 481 3657 ea
498 3601 662 3678 praecipue
679 3618 757 3678 quae
779 3599 817 3657 do
840 3599 962 3675 regibus
984 3600 1188 3659 Romanorum
1210 3600 1305 3660 tradi·

165 3700 252 3759 derat
263 3702 295 3759 iu
311 3701 452 3761 chronica
465 3701 634 3774 transtulit,
651 3699 682 3759 id
694 3701 774 3780 quod
788 3700 888 3759 multis
904 3700 980 3760 locis
997 3710 1098 3760 eorum
1116 3705 1167 3781 qui
1181 3705 1248 3782 ipso
1259 3705 1306 3763 usi

165 3812 234 3863 sunt
245 3803 361 3862 Eusebi
375 3804 498 3862 Ioannis
514 3803 698 3862 Antiocheni
716 3800 829 3880 Georgi
842 3803 981 3882 Syncelli
993 3804 1120 3874 aliorum
1137 3805 1196 3863 ium
1211 3808 1304 3866 evici·

165 3927 243 3966 mus:
257 3904 368 3964 ibidem
379 3914 446 3984 post
458 3906 676 3964 Mommsenum
687 3904 888 3964 iudicavimus
899 3925 958 3963 non
971 3906 1036 3964 sine
1047 3904 1146 3964 studio
1158 3906 1305 3967 Christia-

164 4029 218 4067 nos
231 4008 403 4066 memoriam
413 4028 523 4084 regum
534 4009 737 4066 Romanorum
756 4028 794 4066 cx
814 4027 849 4066 eo
866 4006 1016 4065 hausisse.
1044 4006 1151 4066 eodem
1168 4019 1305 4090 tempore

166 4112 254 4171 ctiam
268 4109 419 4189 apertiore
431 4108 543 4167 indicia
554 4111 759 4170 Suetonianae
772 4109 961 4168 auctoritatis
976 4111 1006 4167 in
1019 4109 1105 4168 libris
1118 4109 1306 4171 Tertulliani

166 4222 196 4271 et
208 4211 380 4283 Censorini,
395 4231 460 4269 cum
475 4209 513 4269 dc
524 4209 651 4270 Suetoni
662 4211 746 4271 libris
759 4211 796 4270 de
809 4211 992 4291 spectaculis
1008 4221 1038 4270 et
1048 4210 1085 4269 de
1099 4231 1179 4270 anno
1193 4215 1304 4273 Roma-

165 4335 269 4373 norum
282 4312 475 4391 disputarem,
492 4310 729 4390 deprehendisse
746 4310 863 4372 videor.
878 4313 950 4371 hinc
962 4333 1034 4372 vero
1045 4315 1232 4391 perspicitur
1247 4317 1305 4374 iam

166 4434 202 4476 eo
219 4425 354 4498 tempora
369 4415 513 4477 Varronis
532 4417 743 4479 auctoritatem
758 4424 896 4495 coeptam
913 4434 981 4474 esse
996 4434 1016 4473 a
1036 4415 1185 4476 Suetonio
1208 4416 1304 4491 obrui,
