2964 5002
153 365 214 428 340
442 379 636 419 esrsaonvu
661 379 825 422 nrsnoavu
850 379 1024 427 suasorias

31 511 146 586 190**
239 527 460 588 Transeamus
485 523 526 587 ad
549 526 696 589 scenicas
719 546 787 605 res,
810 547 950 610 quarum
975 533 1007 587 et
1028 523 1189 605 originem
1217 544 1303 586 com-

154 650 284 691 munem
310 636 342 690 et
368 625 482 688 titulos
509 646 602 710 pares
631 625 809 688 secundum
837 628 940 711 ipsam
968 624 1009 688 ab
1033 625 1125 687 initio
1149 621 1303 686 ludorum

154 728 407 815 appellationem
426 734 458 788 et
478 726 792 790 administrationem
809 727 1015 789 coniunctam
1032 748 1104 788 cunr
1128 747 1163 787 re
1187 747 1303 810 eques·

154 833 196 893 tri
223 832 287 891 iarn
311 827 523 892 ostendimus.
561 837 737 914 apparatus
760 829 858 890 etiam
883 849 925 889 ex
949 848 987 890 ea
1008 835 1101 912 parte
1123 836 1304 906 consortes,

155 951 219 1016 qua
241 929 283 992 ad
305 950 436 992 scenam
459 951 479 991 a
496 928 627 1015 templis
653 936 685 990 et
710 929 775 990 aris
798 938 830 991 et
852 927 909 990 illa
928 927 1121 991 infelicitate
1141 927 1249 991 thuris
1272 937 1324 989 et⁵

155 1031 326 1114 sanguinis
355 1031 439 1093 inter
466 1029 564 1092 tibias
594 1029 745 1093 attubus
772 1030 837 1092 itur
870 1027 998 1093 duobus
1027 1028 1304 1115 inquinatissimis

155 1132 288 1196 arbitris
312 1131 461 1194 funerum
486 1140 520 1193 et
540 1153 705 1194 sacrorum
729 1130 948 1222 dissignatore
975 1138 1007 1193 et
1028 1130 1213 1216 haruspice.
1259 1131 1305 1192 ita

155 1255 229 1296 eum
258 1232 299 1296 dc
329 1231 510 1314 originibus
539 1232 687 1296 ludorum
716 1232 757 1295 ad
788 1232 951 1295 circenses
978 1233 1187 1312 transiimus,
1227 1230 1305 1293 inde

157 1356 244 1397 nunc
271 1332 314 1396 ad
342 1334 490 1396 scenicos
522 1332 616 1397 ludos
643 1332 823 1416 dirigemus
852 1355 873 1394 a
904 1331 967 1396 looi
996 1328 1087 1396 uitio.
1139 1331 1305 1395 theatrum
1373 1372 1383 1401 ·,

157 1437 287 1522 proprie
307 1435 485 1498 sacrarium
508 1434 643 1498 Veneris
665 1445 726 1498 est.
775 1434 836 1498 hoo
857 1434 998 1521 deniquo
1022 1434 1117 1498 modo
1139 1432 1174 1496 id
1199 1453 1341 1516 geuusu

157 1538 264 1624 operis
287 1537 319 1598 in
343 1536 453 1600 seculo
474 1537 589 1599 euasit.
634 1557 710 1599 nam
733 1557 830 1621 saepe
854 1557 1009 1600 censores
1038 1537 1209 1598 nascentia
1230 1556 1306 1596 cum

158 1641 299 1701 maxime
327 1637 454 1699 theatra
487 1636 699 1700 destruebant
732 1636 876 1701 moribus
905 1636 1130 1719 consulentes,
1166 1658 1306 1723 quorum
1369 1651 1375 1658 ·

159 1738 285 1803 seilicet
316 1736 496 1824 periculum
529 1739 645 1823 ingens
676 1737 716 1800 de
744 1736 883 1802 lasciuia
913 1738 1145 1825 prouidebant‚
1176 1749 1214 1801 ut
1242 1739 1306 1801 iam

159 1841 234 1904 hinc
255 1839 394 1903 ethnicis
421 1838 453 1899 in
478 1840 698 1902 testimonium
723 1838 819 1902 cedat
841 1841 1004 1905 sententia
1027 1840 1173 1926 ipsorum
1194 1839 1306 1903 nobis-

159 1963 233 2005 cum
261 1939 387 2003 faciens
413 1948 445 2002 et
472 1937 565 2002 nobis
593 1942 626 2003 in
657 1943 945 2024 exaggerationem
976 1939 1172 2026 disciplinae
1207 1943 1306 2005 etiam
1318 1965 1341 2004 rs

160 2043 320 2106 humanae
337 2043 576 2126 praerogatiua.
607 2043 716 2127 itaque
735 2040 909 2130 Pompeius
925 2043 1067 2127 Magnus
1087 2041 1156 2105 solo
1178 2043 1307 2106 theatro

160 2165 219 2207 suo
241 2144 346 2206 minor
368 2163 440 2204 cum
466 2141 554 2206 illam
578 2157 686 2208 arcem
709 2145 853 2208 omnium
878 2144 1118 2230 turpitudinum
1141 2145 1307 2208 extruxis-

161 2254 211 2308 set
235 2245 360 2307 neritus
381 2242 576 2331 quandoque
597 2247 772 2308 memoriae
797 2267 874 2308 sarae
896 2246 1076 2310 censoriam
1100 2245 1309 2309 animaduer-

160 2349 284 2410 sionem
300 2344 437 2409 Veneris
456 2344 570 2408 aedem
591 2349 798 2432 superposuit
820 2355 851 2409 et
872 2346 914 2411 ad
937 2347 1176 2411 dedicationem
1200 2345 1308 2410 edicto

161 2447 315 2534 populum
337 2467 460 2511 uocans
483 2468 548 2510 non
570 2447 731 2510 theatrum
755 2447 813 2510 sed
838 2447 973 2512 Veneris
1002 2447 1158 2534 templum
1184 2469 1342 2511 nuncu-ar

162 2551 269 2634 pauit:
320 2549 393 2610 ‘eui
423 2546 655 2631 subiecimus',
687 2549 809 2635 inquit,
841 2549 980 2633 ‘gradus
1015 2549 1307 2635 spectaculorum)

162 2655 208 2714 ita
229 2651 414 2712 damnatum
439 2658 471 2711 et
493 2649 711 2714 damnandum
734 2674 814 2735 opus
839 2651 948 2736 templi
972 2651 1067 2714 titulo
1089 2652 1256 2736 praetexit
1278 2661 1310 2713 et

164 2750 369 2834 disciplinam
394 2753 624 2834 superstitione
648 2749 776 2816 delusit.
815 2751 872 2815 sed
898 2752 1017 2814 Veneri
1041 2761 1072 2814 et
1091 2751 1214 2815 Libero
1234 2773 1308 2813 con·

103 2847 106 2853 ’
162 2855 263 2914 uenit.
309 2851 373 2912 dno
396 2852 458 2934 ista
486 2852 656 2915 daemonia
686 2856 871 2938 conspirata
901 2866 933 2915 et
960 2854 1130 2938 coniurata
1158 2855 1246 2916 inter
1275 2877 1309 2917 se

164 3074 291 3137 quoque
323 3053 437 3116 domus
462 3064 521 3117 est.
570 3077 642 3118 nam
675 3064 706 3117 et
734 3056 815 3119 alios
845 3057 938 3122 ludos
970 3058 1116 3120 scenicos
1139 3056 1311 3121 Liberalia

164 3155 293 3239 proprie
320 3155 499 3237 uocabant,
534 3166 759 3242 praeterquam
785 3157 904 3222 Libero
934 3159 1086 3238 deuotus,
1118 3181 1202 3243 quae
1235 3171 1311 3222 sunt

164 3254 327 3338 Dionysia
355 3278 456 3341 penes
483 3257 644 3339 Graecos,
675 3261 771 3320 etiam
795 3281 814 3321 a
835 3258 954 3322 Libero
978 3260 1157 3323 institutos.
1203 3269 1237 3323 et
1261 3271 1311 3323 est

163 3355 260 3441 plane
288 3358 321 3419 in
350 3358 477 3422 artibus
498 3381 625 3445 quoque
653 3361 792 3423 scenicis
815 3358 927 3423 Liberi
954 3371 986 3423 et
1008 3359 1146 3424 Veneris
1168 3365 1312 3447 patroci-

254 3544 334 3601 tutu*
353 3548 538 3597 Tertullianus
557 3547 590 3596 de
609 3549 776 3614 spectaculis
797 3549 840 3597 to:
874 3551 1115 3599 ‘'Prarrsearnrrs
1181 3553 1311 3600 uranei-

166 3629 224 3677 pes
242 3615 304 3663 hub
313 3632 349 3663 en
358 3623 376 3664 t.
413 3616 503 3665 oderis
522 3615 687 3679 Christiane,
709 3633 819 3681 quorum
841 3624 968 3666 auctores
981 3634 1034 3667 non
1047 3624 1126 3683 potes
1139 3634 1194 3667 non
1209 3620 1310 3668 odisse.

167 3684 219 3729 iam
239 3699 309 3731 nune
329 3685 451 3732 nolurnus
474 3699 621 3747 suggerere
645 3685 678 3732 de
704 3685 807 3733 artibus
827 3687 905 3734 etde
924 3686 979 3748 his,
1000 3702 1112 3750 qnorum
1133 3695 1265 3737 auctores
1285 3689 1311 3735 in

166 3750 319 3799 nominihus
352 3750 551 3800 exseerurnur.’
582 3768 605 3800 e.
630 3769 654 3816 q.
679 3768 700 3800 s.
736 3781 755 3786 <
792 3753 978 3803 Tertullianus
1004 3754 1111 3818 apolog.
1137 3751 1172 3802 o:
1217 3757 1310 3816 ‘Quo-

166 3833 228 3866 nam
253 3819 317 3867 illae
343 3819 419 3883 leges
443 3820 570 3867 abierunt
593 3828 726 3884 sumptum
759 3827 785 3869 et
810 3822 986 3870 ambitionem
1009 3823 1243 3885 eonqrrimentes?

167 3901 236 3948 quae
256 3887 364 3934 theatra
383 3888 538 3950 stuprandis
557 3888 676 3936 moribus
695 3888 812 3936 orientia
830 3888 1029 3938 destruebant)
1048 3916 1081 3923 -
1111 3889 1227 3938 Tacitus
1248 3906 1312 3939 anri.

252 4052 268 4104 3
284 4049 314 4098 et
329 4039 618 4097 adrninistrationem
637 4062 689 4097 orn.
704 4038 735 4098 lA
750 4037 795 4121 ΗΘ
813 4041 850 4100 de
866 4076 903 4084 -
916 4041 1055 4100 ludorum
1072 4063 1125 4099 om.
1144 4045 1169 4098 A
1183 4039 1198 4121 Η
1215 4053 1311 4102 trans-

167 4126 254 4183 iirnus
276 4130 328 4182 Fr.
352 4127 469 4181 hrains:
493 4127 652 4182 trausirnus
674 4133 696 4183 A
716 4126 729 4203 Η
755 4141 785 4187 to
803 4129 922 4204 proprie
942 4149 995 4185 oni.
1012 4133 1036 4184 A
1044 4148 1061 4183 a
1083 4123 1096 4207 Η
1119 4135 1151 4194 12
1168 4127 1310 4207 quorum]

168 4229 268 4267 corum
282 4217 305 4265 A
312 4232 329 4266 u
344 4208 357 4285 Η
377 4211 524 4285 mingens
538 4230 591 4267 oni.
606 4215 629 4266 A
645 4206 657 4290 Η
677 4211 766 4270 istrie
780 4217 802 4267 A
818 4208 830 4291 Η
850 4220 877 4273 17
888 4232 988 4269 arcem
1003 4215 1185 4285 Gurrpuer'us:
1199 4227 1311 4273 sortem

167 4297 191 4386 A
206 4288 219 4371 Η
235 4303 264 4352 ἸΙ
284 4293 400 4372 inquid
418 4297 467 4350 Aa
484 4288 496 4372 Η
512 4301 543 4353 ‘u
562 4314 640 4371 equae
657 4298 715 4353 lor.
734 4299 877 4369 Srulr'yer:
907 4296 988 4374 qnod
1006 4303 1029 4353 A
1045 4293 1057 4372 Η
1072 4306 1107 4357 28
1128 4298 1237 4376 etiam]
1258 4299 1311 4358 sed

167 4394 226 4432 ram
240 4382 288 4432 Aa
