2964 5002
603 377 645 420 on
667 376 885 422 enraosoanrs
1010 398 1044 432 Ν,
1117 377 1124 390 ’
1268 356 1309 420 ot

252 525 291 589 L.
322 527 483 590 Annaeus
515 526 616 607 Mela,
652 525 796 591 Senecae
824 528 925 590 frater
953 533 984 588 ct
1013 523 1192 601 Gallionis,
1226 524 1403 604 bona89*

176 630 296 692 Lucani
316 639 433 714 poetae
455 627 514 691 filii
537 631 629 700 sui.
649 627 776 694 Nerone
799 640 998 714 promeretur
1019 632 1057 703 (a.
1081 635 1160 706 821).

255 799 311 855 89*
329 801 516 864 Hieronymus
534 801 577 850 01.
597 800 659 861 211,
685 801 708 849 4.
741 802 856 850 Tacitus
871 816 934 849 anu.
954 799 1017 849 XVI
1038 799 1080 848 17:
1113 798 1195 848 ‘Mela
1215 800 1312 864 quibus

176 870 265 919 Gallio
289 877 318 917 ct
341 870 450 919 Seneca
473 869 634 934 parentibus
657 874 738 919 natus
762 864 897 933 petitione
920 868 1050 917 honorum
1074 869 1247 917 abstinuerat
1265 885 1313 933 per

175 939 353 987 ambitionem
371 942 590 1002 praeposteram,
610 942 641 985 nt
659 952 743 1001 eques
760 938 897 986 Romanus
916 935 1106 985 consularibus
1125 938 1249 1000 potentia
1268 952 1313 985 ae·

174 1012 316 1071 quamtum
353 1004 435 1054 simul
453 1005 638 1068 adquirendae
662 1006 797 1069 pecuniae
816 1005 927 1053 breuius
950 1005 1003 1053 iter
1027 1003 1159 1053 credebat
1181 1019 1230 1068 per
1252 1020 1312 1069 pro·

174 1075 335 1123 curationes
354 1073 578 1121 administrandis
602 1073 734 1137 principis
757 1073 892 1136 negotiis:
919 1071 988 1120 idem
1007 1072 1149 1120 Annaeum
1171 1071 1312 1120 Lucanum

173 1149 325 1207 genuerat,
344 1140 447 1222 prande
467 1140 651 1190 adiumentum
668 1140 855 1200 claritudinis,
881 1154 933 1204 quo
951 1140 1103 1189 interfecto*
1118 1139 1178 1188 dum
1197 1155 1254 1188 rem
1273 1140 1312 1189 fa-

171 1210 311 1260 miliarem
331 1223 389 1258 erus
408 1210 512 1257 acriter
528 1209 644 1273 requirit
668 1213 857 1257 accusatorem
876 1207 999 1257 concinit
1016 1207 1133 1256 Fabium
1151 1206 1311 1267 Romanum,

172 1295 204 1327 ex
224 1278 334 1327 intimis
350 1277 461 1326 Lucani
480 1277 584 1326 amicis.
625 1277 711 1325 mixta
734 1277 807 1325 inter
825 1280 930 1339 patrem
953 1274 1092 1339 filiumque
1116 1275 1314 1325 coniurationis

170 1347 297 1395 scientia
316 1343 427 1409 fingitur
446 1343 609 1395 adsimilatis
628 1343 735 1392 Lucani
752 1343 863 1392 litteris.
904 1358 972 1408 quas
991 1343 1131 1407 inspectas
1153 1343 1224 1392 Nero
1248 1343 1314 1392 ferri

170 1415 206 1463 nd
230 1429 296 1463 eum
320 1413 400 1461 iussit
423 1411 522 1476 opibus
544 1412 602 1460 eins
626 1411 743 1461 inhians.
781 1417 809 1459 at
831 1409 918 1472 Mela,
944 1426 1013 1474 quae
1037 1415 1093 1459 tum
1111 1411 1314 1476 promptissima

169 1483 270 1531 mortis
289 1481 350 1540 uia,
369 1478 489 1528 exsoluit
506 1495 603 1540 uenas,
618 1480 728 1544 scriptis
742 1477 893 1537 codicillis,
917 1478 1013 1541 quibus
1027 1477 1157 1543 grandem
1169 1480 1314 1543 pecuniam

121 1568 124 1573 ·
169 1552 199 1600 in
209 1549 382 1614 Tigellinum
396 1563 581 1612 generumque
595 1547 654 1596 eius
665 1548 857 1596 Cossutianum
869 1546 1031 1611 Capitonem
1045 1547 1192 1609 erogabat,
1207 1562 1259 1611 quo
1269 1563 1313 1596 ce·

164 1625 233 1667 tera
252 1621 407 1666 nranerent.
439 1615 550 1664 additur
562 1614 712 1674 codicillis,
733 1620 870 1679 tamqnam
889 1613 923 1664 de
941 1614 1087 1677 iniquitate
1107 1615 1185 1663 exitii
1198 1630 1314 1687 querens

169 1685 409 1749 inscripsisset,
433 1698 463 1731 sa
483 1683 590 1747 quidem
613 1684 681 1732 mori
704 1682 788 1732 nullia
811 1681 940 1746 supplicii
964 1683 1068 1739 causis,
1092 1681 1198 1733 Rufium
1224 1690 1314 1733 autern

168 1754 334 1819 Crispinum
351 1757 379 1801 et
397 1751 524 1800 Anicium
543 1751 757 1814 Cerialemuita
776 1750 829 1799 frui
847 1749 969 1799 intensos
994 1750 1120 1814 principi.
1153 1765 1223 1814 quae
1243 1768 1312 1800 eorn-

168 1823 265 1890 posita
290 1819 478 1870 credebantur
500 1818 533 1867 de
556 1818 694 1883 Crispino,
719 1820 783 1882 quia
802 1818 966 1867 interiectus
990 1823 1061 1878 erat,
1085 1817 1118 1867 de
1138 1814 1261 1878 Ceriale,
1286 1825 1316 1868 ut

168 1889 387 1940 interficeretur.
430 1901 519 1951 neque
543 1888 615 1935 enim
638 1886 722 1935 multo
744 1892 806 1950 post
828 1887 884 1934 uirn
905 1885 959 1933 sibi
979 1886 1086 1947 attulit,
1112 1886 1215 1936 minore
1234 1902 1315 1952 quam

165 1959 261 2008 'reteri
287 1955 483 2016 miseratione,
514 1955 579 2019 quia
601 1955 737 2024 proditam
761 1952 832 2004 Gaio
852 1953 968 2002 Caesari
991 1954 1211 2003 coniurationem
1228 1955 1263 2005 ab
1282 1972 1315 2005 eo

170 2022 379 2097 meminerant!

256 2257 275 2312 6
295 2249 445 2305 Annaeus
464 2245 565 2318 (Soet.)
589 2245 732 2303 Annaeus
750 2236 803 2325 ΒΗ
816 2242 901 2303 Mela
916 2247 1037 2316 scripsi:
1053 2242 1150 2301 Melas
1168 2246 1196 2301 B
1215 2247 1316 2318 (Sccl.)

171 2336 282 2398 llellaa
300 2337 328 2393 Ρ
1355 2354 1360 2363 ·

254 4526 372 4563 svaros!
392 4525 454 4559 REI„
