2964 5002
498 401 525 440 r.
541 397 720 440 amscnemr
735 397 979 440 conuesnaaws
1240 377 1303 439 507

169 555 240 615 Tib.
257 559 333 616 e.·67
360 552 420 632 (atel
438 571 502 610 eam
520 555 561 608 eit
582 554 712 608 ‘similem
729 568 760 607 se
780 567 893 624 semper
907 596 912 608 .
927 597 932 607 .
947 559 964 608 .'
980 571 1007 612 e.
1025 574 1054 632 q.
1070 551 1127 630 6.),
1154 574 1304 634 nusquam

169 658 335 719 Suetonius
350 661 390 714 eit
404 657 455 715 vel
470 659 562 729 inquit
582 655 729 714 voeabula
746 655 789 713 eis
805 675 884 735 quae
899 655 1055 735 adscripta
1069 666 1140 715 sunt
1161 657 1238 716 alius
1253 676 1303 717 cu·

168 760 300 840 lespiam
313 758 417 818 verbis
432 758 598 837 praemisit,
616 759 801 837 quinquiens
818 756 961 836 (Augei.
979 758 1045 818 Cal.
1056 764 1100 818 30.
1114 759 1187 818 Ner.
1200 766 1244 819 11.
1258 766 1302 820 31.

168 863 230 923 vit.
245 858 291 938 10)
308 861 485 941 postposuit
497 860 528 918 in
543 861 605 918 fine
621 860 786 934 enuntiati,
808 861 918 919 ceteris
938 861 970 918 ln
986 861 1061 919 locis
1078 858 1216 920 omnibus
1232 870 1304 940 post

169 965 287 1044 aliquot
301 961 340 1021 ab
355 962 443 1023 initio
459 960 555 1021 verba
570 963 698 1021 inseruit
715 959 754 1020 de
765 963 915 1020 communi
928 961 1160 1022 consuetudine.
1188 965 1303 1023 Rursus

169 1075 269 1125 autem
295 1067 389 1143 longe
411 1066 508 1124 maior
529 1064 612 1144 apud
635 1064 766 1123 eundem
787 1067 878 1139 inquit
902 1082 992 1143 quam
1015 1069 1056 1122 uit
1075 1065 1217 1126 vocabuli
1242 1066 1302 1125 fre·

170 1168 297 1249 quentia
313 1176 369 1226 est.
413 1168 454 1226 Et
468 1166 538 1225 huie
554 1166 678 1246 quidem
693 1165 735 1226 ibi
751 1167 941 1246 potissimum
955 1169 1053 1226 locum
1069 1169 1234 1242 concessit,
1250 1166 1303 1228 ubi

145 1252 151 1261 ¹
169 1279 219 1329 sut
234 1270 339 1350 paullo
356 1278 429 1327 ante
445 1277 657 1348 praecesserat
673 1277 724 1327 aut
739 1267 926 1349 sequebatur
939 1270 1043 1348 paullo
1059 1280 1130 1349 post
1145 1271 1177 1328 iu
1195 1269 1303 1329 eodem

168 1391 284 1452 genere
299 1372 432 1451 positum
447 1374 554 1445 inquit:
577 1369 608 1429 id
630 1369 713 1450 quod
728 1380 858 1450 apparet
873 1370 1041 1430 variandae
1055 1380 1173 1431 tantum
1189 1373 1301 1432 oratio-

168 1476 215 1534 nis
230 1494 339 1534 caussa
354 1473 397 1532 ita
410 1472 581 1532 institutum
604 1492 680 1531 esse.
724 1474 818 1533 Velut
838 1478 929 1547 iuquit
941 1519 947 1530 .
961 1520 967 1530 .
981 1520 988 1559 ·.
1001 1476 1042 1532 eit
1060 1473 1156 1534 habes
1171 1474 1251 1552 Aug.
1267 1484 1303 1538 86

169 1568 1301 1656 emummema„mmmumcmmemsvmem

169 1677 310 1759 aquibus
326 1697 424 1757 prope
445 1675 532 1736 abest
552 1679 645 1735 aiebat
656 1723 680 1735 ..
695 1723 700 1733 .
714 1682 805 1751 inquit
826 1676 898 1737 Oth.
917 1687 949 1739 10
964 1688 995 1737 61
1011 1687 1053 1739 11.
1083 1678 1212 1738 Praeter
1225 1658 1302 1738 baec

169 1781 259 1859 igitur
278 1781 346 1860 ipso
368 1783 410 1837 eit
428 1778 522 1839 verbe
547 1780 670 1837 omnino
687 1799 750 1838 non
767 1789 813 1838 est
829 1781 952 1860 saepius
972 1800 1061 1860 quam
1076 1782 1204 1841 sexiens
1214 1802 1301 1841 usus:

168 1883 246 1960 Aug.
277 1890 318 1945 18.
345 1886 457 1971 66171.
486 1881 581 1960 Vesp.
601 1889 644 1941 24.
673 1882 735 1940 Tit.
759 1891 786 1943 8.
814 1881 853 1941 de
874 1902 998 1960 gramm.
1022 1889 1054 1942 4:
1082 1892 1189 1942 contra
1211 1886 1304 1957 lapseit

168 1983 278 2057 verbo,
301 1984 327 2043 si
348 1983 438 2043 modo
459 1993 541 2042 recte
563 1984 737 2056 numeravi,
767 1985 892 2044 triciens
902 1982 944 2062 *).
982 1986 1064 2043 Hine
1090 1994 1190 2045 sutem
1211 1986 1302 2045 etiam

169 2086 264 2145 maior
276 2085 353 2144 fides
370 2085 490 2145 accedit
506 2083 715 2143 emendationi
731 2086 762 2143 iu
778 2087 843 2143 vita
857 2086 997 2146 'Pe-rentii
1019 2088 1129 2146 factae.
1159 2087 1220 2147 Vbi
1236 2108 1302 2146 cum

169 2192 207 2246 eit
223 2187 405 2247 vocabulum
421 2208 439 2246 a
453 2187 593 2247 Parisino
611 2192 770 2266 Aprorsns
791 2186 900 2246 abesse
922 2187 1075 2261 viderem,
1098 2189 1225 2248 liberum
1246 2190 1303 2268 igi·

168 2304 223 2349 tur·
238 2309 305 2349 esse
326 2299 397 2369 post
417 2292 450 2347 P.
472 2291 633 2364 Africanus
656 2288 730 2348 illud
751 2289 875 2368 r'cponi,
904 2297 1007 2347 tamen
1030 2309 1066 2347 eo
1091 2292 1158 2368 ipso
1181 2293 1213 2349 in
1235 2293 1301 2351 loco

102 2397 108 2415 ⁸
167 2393 360 2473 scripturula
375 2391 460 2450 libris
476 2396 527 2466 qai
541 2392 685 2471 apronium
701 2389 817 2471 aliquid
832 2390 900 2448 miri
916 2398 947 2449 et
961 2391 1145 2450 incommodi
1161 2391 1255 2451 habet
1270 2403 1302 2452 ut
1377 2416 1381 2422 ·

169 2503 198 2554 ct
213 2493 253 2552 ad
269 2494 332 2552 vim
346 2494 514 2553 testimonii
529 2514 652 2573 prorsus
668 2510 930 2572 supervacaneum
947 2502 977 2550 et
998 2512 1014 2550 e
1031 2492 1125 2571 pleno
1142 2495 1301 2553 enuntiato

168 2597 361 2676 grammatico
379 2596 515 2655 afficiens
532 2595 758 2673 imperfectum,
774 2592 974 2674 probabiliter
988 2593 1043 2652 has
1058 2594 1141 2672 ipsas
1157 2591 1207 2668 qui
1221 2594 1301 2655 litte-

167 2718 214 2759 ras
232 2698 414 2777 Scbopenus
430 2699 652 2776 interpretatus
669 2707 716 2756 est
732 2717 770 2756 ex
785 2700 876 2770 inquit
892 2699 987 2755 verbo
1003 2697 1135 2756 relictas.
1169 2722 1172 2727 ·

249 2799 427 2878 eeg,81,1
452 2801 515 2858 levi
539 2798 695 2857 scribendi
719 2819 836 2871 errore,
864 2820 925 2879 qno
948 2803 1024 2857 domi
1046 2803 1156 2856 luserat
1180 2799 1301 2859 transiit

167 2904 197 2962 in
217 2905 349 2961 damulus
369 2911 433 2959 eret
453 2903 486 2960 in
506 2913 612 2973 yetcre
628 2903 793 2973 Parisino,·
807 2901 917 2960 abusus
933 2902 1062 2960 Rothius
1083 2905 1180 2959 domui
1192 2905 1320 2976 luserat,

167 3005 279 3085 posuit.
305 3005 389 3082 Ego,
407 3024 426 3062 a
441 3024 500 3084 quo
517 3004 568 3062 vel
582 3002 634 3063 ubi
650 3005 701 3063 vel
717 3003 840 3083 quando
857 3008 954 3062 domui
968 3003 1080 3063 dictum
1096 3005 1134 3063 sit
1149 3026 1204 3084 pro
1219 3005 1301 3063 loca·

166 3109 228 3167 tivo
244 3110 333 3176 domi,
349 3106 449 3165 fateor
464 3126 512 3165 me
527 3126 650 3184 prorsus
667 3107 820 3182 ignorare.

249 3207 385 3268 Versu4
403 3209 435 3265 in
459 3206 661 3267 deterioribus
683 3207 766 3266 libris
788 3205 910 3287 prodita
930 3213 1087 3281 temporius
1107 3210 1204 3269 forma
1227 3212 1301 3291 quin

165 3313 276 3372 vitiosa
290 3311 330 3369 sit
346 3318 377 3368 ct
391 3308 430 3367 ab
444 3310 514 3389 ipsa
530 3310 712 3388 antiquitate
729 3330 852 3389 prorsus
868 3311 985 3383 aliena,
1009 3312 1069 3369 iam
1089 3332 1152 3370 non
1170 3311 1301 3373 dubitari

164 3422 320 3494 putamus:
347 3414 559 3492 communique
587 3431 741 3471 consensu
762 3415 916 3486 temperius
942 3412 1016 3471 boni
1038 3412 1157 3473 codices
1178 3424 1302 3475 tuentur
1320 3421 1327 3437 '

165 3515 247 3596 apud
261 3514 444 3591 Ciceronem
455 3515 550 3592 epist.
567 3513 606 3571 ad
623 3513 694 3571 111111.
708 3525 758 3586 lx,
778 3523 817 3587 16,
833 3523 859 3588 8,
877 3513 1022 3573 Ovidium
1036 3516 1160 3574 Metam.
1178 3527 1222 3589 lv,
1242 3526 1300 3590 198,

167 3616 366 3678 Columellam
383 3626 423 3688 11,
443 3625 489 3687 18,
507 3624 523 3675 2
540 3625 570 3673 et
586 3626 664 3687 vlll,
681 3624 712 3688 4,
729 3626 746 3677 3
768 3614 832 3694 (ubi
855 3627 926 3675 ante
943 3636 1103 3676 excessuum
1118 3618 1300 3696 Sangerma-

166 3738 296 3778 nensem
321 3717 394 3776 ite-m
420 3717 579 3796 legebatur
606 3715 790 3793 teutpertus),
820 3719 1007 3799 Appuleium
1027 3720 1150 3778 Metam.
1179 3731 1231 3793 lx,
1257 3729 1300 3795 16,

165 3819 474 3893 Ρ611611111111111,11,
498 3829 515 3880 1
536 3830 668 3892 etms.
709 3820 758 3878 De
786 3823 918 3900 positivo
945 3832 1045 3880 61116111
1072 3843 1137 3882 611111
1158 3824 1209 3882 vel
1230 3823 1303 3882 ltine
1353 3850 1358 3859 ·

165 3924 237 3983 satis
259 3920 429 4003 probabilis
450 3922 516 3980 fieri
537 3922 713 3980 coniectura
733 3924 844 4001 possit,
867 3933 968 3983 tamen
993 3926 1137 4003 quoniam
1154 3924 1301 4003 quosdam

247 4190 275 4260 ²¹)
294 4194 384 4242 Locos
403 4205 464 4240 eum
482 4190 567 4240 semel
591 4192 620 4240 in
638 4197 780 4266 numerato
799 4192 929 4253 babeam,
954 4194 978 4243 si
1002 4194 1047 4258 qui
1071 4192 1145 4242 volet
1167 4193 1301 4258 inspiciat

166 4276 215 4326 vib
227 4277 252 4327 d.
266 4277 318 4327 lul.
332 4274 372 4326 31.
387 4275 428 4325 32.
442 4272 646 4326 ι1115116616.
660 4274 701 4325 71.
714 4275 739 4327 d.
752 4277 822 4341 Aug.
836 4276 877 4326 51.
891 4278 952 4326 Tib.
967 4278 1061 4326 211211.
1076 4276 1135 4325 Cal.
1148 4276 1189 4326 32.
1203 4274 1299 4326 111111.

169 4358 262 4411 creua.
284 4360 323 4411 15.
345 4359 384 4410 16.
403 4361 444 4409 16.
470 4360 533 4412 uer.
555 4359 593 4412 16.
613 4360 654 4411 33.
674 4349 715 4410 35.
735 4360 776 4410 11.
796 4359 838 4409 ss.
862 4361 917 4410 111.
936 4360 960 4410 s.
987 4362 1066 4425 vesp.
1086 4358 1126 4408 ao.
1146 4360 1187 4411 aa.
1206 4361 1297 4412 1115.

168 4444 242 4496 Deru.
262 4444 301 4496 ll.
323 4443 423 4495 11116.
443 4444 561 4495 Gramm.
581 4444 624 4493 22.
642 4443 684 4493 23.
