2964 5002
557 414 558 418 ,
634 381 738 424 curve
760 329 773 423 i
1217 369 1279 432 379

128 533 197 595 dem
209 530 355 593 uitellor
365 548 407 593 ex
419 530 544 593 e'cboliis
555 533 745 593 Horatianis.
769 532 851 615 quod
867 535 1019 596 emblema
1032 537 1063 597 in
1076 556 1171 598 causa
1183 540 1279 603 fuisse

128 635 266 707 videtur,
290 641 324 695 ut
343 632 439 699 verbe
454 633 565 714 quibus
587 636 659 695 olim
673 635 755 714 apud
770 635 950 697 Suetonium
963 637 1003 697 ad
1019 645 1152 699 saturam
1167 643 1277 704 transi·

129 748 176 796 tue
193 736 284 797 lieret
306 735 537 797 interciderent.
567 736 623 796 eed
640 757 759 799 conexa
773 739 851 798 baec
865 739 962 799 fuisse
979 741 1072 799 etiam
1085 760 1168 801 nunc
1183 743 1277 822 dispi-

128 839 216 901 citur.
246 856 319 897 uam
332 837 537 897 cum‘iambne
553 858 676 898 carmen
692 838 878 901 maledicum
895 840 1029 915 dicatur,
1048 847 1277 905 commentario·

128 940 175 999 lus
190 939 232 1001 de
250 944 357 999 sature
372 940 417 999 nic
433 940 554 1019 incipit:
577 950 681 1000 cotnra
696 946 801 1000 dicitnr
814 962 934 1001 carmen
949 949 1031 1019 opud
1040 947 1187 1005 Romanos
1200 964 1278 1011 nmrc

128 1045 243 1115 quidem
265 1044 443 1101 moledicnrn.
475 1040 560 1122 quod
573 1041 664 1103 band
687 1043 894 1122 spernendum
916 1054 964 1104 eet
987 1044 1133 1107 indicium
1153 1055 1276 1108 mtursa

128 1143 289 1205 Monam
300 1140 511 1205 Suetonienne
527 1143 713 1223 praefationi
729 1143 919 1205 reddendam
927 1166 1012 1217 esse,
1028 1146 1104 1209 licet
1117 1150 1183 1210 eius
1193 1168 1277 1211 men·

129 1246 170 1305 tio
188 1245 271 1307 absit
285 1244 325 1304 ab
342 1244 570 1305 enumeratione
587 1247 758 1325 specierum
773 1248 897 1325 saepius
914 1246 1062 1307 adbibita.
1096 1249 1186 1309 aliter
1198 1249 1275 1311 iudi·

127 1345 261 1409 candum
278 1354 329 1407 est
343 1344 384 1407 dc
398 1346 606 1429 disputatione
620 1348 811 1427 insequenti,
829 1368 890 1429 qua
907 1347 1080 1434 bucolicum
1095 1371 1192 1428 mnus
1206 1372 1275 1432 per-

128 1456 287 1509 tractatur.
316 1446 399 1528 quod
419 1466 478 1509 neo
494 1458 741 1513 commemoratur
762 1450 794 1511 iu
812 1449 1009 1529 discriptione
1024 1454 1191 1512 communio
1209 1472 1275 1512 car·

128 1552 217 1611 minis
238 1570 299 1611 nec
321 1560 444 1629 poterat
463 1549 558 1611 tacite
577 1551 821 1625 commemorari,
841 1572 908 1611 cum
929 1562 963 1612 ut
976 1552 1070 1612 Probi
1086 1553 1189 1614 verbis
1207 1563 1277 1614 utar

130 1655 263 1713 omnium
286 1650 409 1713 illerum
429 1653 600 1731 specierum
616 1651 772 1729 Vergilius
789 1653 913 1734 quidem
934 1653 1059 1732 eclogas
1084 1656 1115 1714 iu
1129 1655 1276 1717 bucolicis

128 1756 277 1833 posuerit.
308 1762 342 1813 ut
355 1754 489 1832 suspicio
510 1752 696 1825 suboriatur,
717 1753 899 1815 Diomedem
920 1756 999 1815 baec
1023 1775 1062 1815 ex
1082 1758 1182 1817 veteri
1195 1777 1274 1819 eom·

129 1856 280 1917 montorio
296 1852 494 1915 Suetoniauis
508 1852 676 1915 addidisse.
704 1875 784 1936 quae
803 1858 996 1917 confirmatur
1015 1858 1061 1917 ita
1075 1867 1110 1917 nt
1126 1857 1276 1920 dubitatio

130 1958 226 2019 omnis
239 1956 367 2017 tollatur
388 1956 433 2017 eis
449 1975 528 2036 quae
546 1957 578 2017 in
594 1957 654 2019 fine
672 1957 828 2037 leguntur:
847 1968 955 2032 putant
975 1968 1069 2019 onum
1090 1965 1207 2035 qrtr’dorn
1223 1965 1278 2022 hoc

127 2079 219 2137 cerrus
237 2063 378 2119 cor-minis
388 2063 520 2132 ¹pronum
541 2061 678 2133 Daphnin
693 2065 892 2133 conposuisse,
911 2066 1012 2121 dctrrde
1027 2067 1099 2122 otior
1113 2066 1276 2137 coriolos-cr,

129 2169 204 2222 inter
224 2179 300 2237 quoe
322 2164 503 2221 Theocritum
522 2162 755 2236 synnemenon,
779 2179 862 2236 quern
883 2172 981 2220 noster
1006 2168 1144 2224 imitetur.
1179 2173 1277 2225 uerter

131 2264 363 2343 Vergilinseet,
384 2264 438 2342 qui
451 2282 514 2323 non
527 2265 626 2342 potnit
643 2265 688 2324 sic
710 2262 840 2323 indicari
860 2264 918 2321 nisi
939 2264 1128 2339 machelin,
1149 2265 1203 2326 ubi
1221 2286 1275 2346 pa·
1349 2292 1354 2309 ·

130 2373 211 2427 teret
225 2364 265 2425 od
282 2382 374 2445 quern
392 2365 468 2424 baec
487 2364 670 2444 significatio
685 2363 847 2425 referenda
862 2374 956 2425 esset.

215 2466 304 2546 Quae
319 2467 573 2545 interpolationes
588 2486 692 2552 omues
709 2484 749 2527 ex
762 2466 848 2525 bonis
860 2463 1034 2527 auctoribus
1050 2473 1191 2543 receptas
1206 2486 1276 2528 esse

129 2570 270 2651 adparet.
297 2568 353 2629 eed
365 2588 425 2629 non
442 2570 624 2648 temperavit
636 2568 694 2629 sibi
707 2567 890 2641 Diomedes,
907 2568 981 2648 quin
995 2566 1034 2627 de
1044 2585 1099 2625 suo
1111 2566 1275 2627 Suetoniu-

129 2694 199 2733 nam
215 2670 454 2751 disputationem
469 2681 611 2748 erigeret,
631 2671 729 2731 veluti
745 2672 805 2742 eis,
828 2690 908 2750 quae
933 2672 962 2728 in
984 2669 1045 2729 fine
1060 2669 1222 2728 commenti
1236 2668 1275 2730 de

131 2775 234 2852 elegis
248 2795 281 2852 p.
297 2782 330 2836 19
343 2771 494 2849 leguntur.
530 2773 569 2832 cf.
584 2792 664 2853 quse
680 2793 710 2852 p.
728 2783 761 2836 15
780 2772 915 2831 acerbis
933 2770 1062 2832 Suetoni
1079 2770 1204 2831 seclusi.

215 2876 308 2937 Haec
328 2873 436 2935 hebuit
460 2872 622 2935 Suetonius
642 2893 723 2954 quac
744 2875 937 2954 praeferetur
951 2873 1030 2933 libro
1052 2872 1092 2932 de
1106 2873 1222 2951 poetis,
1244 2874 1276 2932 in

131 2979 242 3060 quibus
259 2996 329 3045 cum
343 2976 478 3036 Probum
492 2976 681 3055 potissimum
698 2984 854 3035 erectorem
868 2974 1011 3035 habuisse
1027 2994 1120 3052 snpra
1133 2973 1275 3035 vidimus.
1355 3038 1362 3047 ,

131 3099 232 3161 neque
252 3089 358 3139 tamen
377 3078 436 3137 hoc
461 3080 506 3139 sic
528 3078 664 3156 accipias
683 3077 789 3149 velim,
813 3077 903 3156 quasi
920 3075 1085 3135 Suetonius
1099 3075 1176 3134 nibil
1191 3074 1276 3136 alind

131 3183 243 3260 egerit,
266 3200 357 3262 quem
379 3188 414 3240 ut
433 3199 474 3239 ex
498 3178 629 3239 dirersis
651 3178 838 3237 diversorum
859 3184 1031 3257 poematum
1052 3178 1277 3239 commentariia

132 3304 224 3343 unum
242 3283 318 3343 artis
341 3282 483 3361 poeticae
506 3301 615 3359 corpus
637 3281 836 3340 concinuerit.
875 3278 931 3339 sed
953 3285 1054 3336 tomen
1076 3297 1138 3356 qua
1157 3280 1277 3341 ratione

132 3385 265 3447 Probum
281 3382 471 3457 adhibuerit,
492 3403 574 3442 nunc
601 3381 724 3462 quidem
745 3389 886 3441 accurate
903 3378 1022 3439 definiri
1043 3379 1161 3459 nequit.
1196 3400 1276 3443 com·

132 3506 237 3549 munes
255 3495 358 3545 eutem
372 3485 531 3566 utriusque
547 3493 689 3543 auctores
705 3491 827 3561 praeter
842 3480 1002 3539 Horatium
1016 3479 1056 3539 de
1074 3489 1139 3540 arte
1153 3483 1277 3561 poetica

133 3590 230 3649 Varro
251 3596 283 3647 et
303 3586 536 3664 Theophrastus
556 3586 687 3645 fuerunt.
721 3603 849 3662 quornm
874 3581 956 3643 illius
979 3583 1146 3641 auctoritas
1167 3593 1277 3663 quator

132 3690 270 3753 adfertur
285 3684 333 3768 (p.
348 3697 382 3755 t.
402 3700 427 3750 t.
444 3695 476 3759 7,
492 3696 533 3750 lt.
552 3697 599 3757 13,
619 3695 660 3747 tn.
676 3694 724 3760 nt,
740 3681 774 3764 Ἰ)
789 3692 818 3742 et
833 3683 931 3742 altero
950 3681 1073 3763 quidem
1088 3683 1155 3744 loco
1169 3684 1276 3746 titulus

133 3792 201 3851 libri
215 3789 356 3851 additur:
392 3799 435 3848 est
455 3799 549 3847 antem
572 3791 625 3847 hoc
641 3792 766 3861 portiom
788 3791 817 3843 tn
837 3788 962 3843 secorsdc
983 3788 1055 3843 libro
1079 3790 1276 3859 quaestionum

132 3896 344 3953 vicentinorum.
381 3889 421 3947 ad
444 3889 689 3966 Theophrastum
708 3886 805 3947 semel
824 3886 948 3965 quidem
967 3886 1146 3947 nominatim
1166 3907 1276 3967 provo·

135 4008 233 4066 entur,
248 3991 303 4053 sed
319 3992 493 4051 accuratius
509 4010 573 4051 rem
589 3989 764 4069 inspicienti
779 3987 903 4048 dubium
917 4008 987 4049 esee
1000 4008 1061 4049 nou
1075 3996 1186 4068 potest,
1202 3989 1277 4068 quin

134 4112 335 4175 quaecunque
354 4090 519 4153 denatura
538 4091 726 4168 singulorum
747 4108 894 4167 generum
916 4089 1057 4149 dicantur
1077 4108 1114 4149 ex
1136 4108 1174 4147 eo
1188 4107 1276 4166 repe·

134 4196 224 4257 tenda
249 4195 323 4264 sint.
360 4214 469 4254 nomen
490 4195 572 4254 enim
594 4191 764 4252 definitioni
787 4189 965 4268 tragoediae
987 4188 1167 4270 adponitm:
1213 4196 1275 4247 tro-

32 4280 39 4289 ’
135 4303 234 4373 predio
247 4308 291 4357 cst
303 4300 440 4357 heroicae
455 4297 595 4369 fortunae
609 4298 639 4351 tn
654 4295 787 4350 ‹rrtoersr's
799 4296 1016 4366 conprehensio.
1043 4311 1061 4348 o
1079 4291 1278 4362 Ttwophrorto

134 4404 174 4459 ito
193 4403 313 4475 definito
330 4406 389 4457 est:
416 4394 565 4479 τραγῳδία
585 4390 668 4455 ἐστὶν
682 4382 818 4471 ἡρωικῆς
832 4386 925 4471 τύχης
943 4390 1122 4479 neplctoctc.
1152 4406 1232 4468 quae
1250 4389 1278 4450 ei
