2964 5002
666 395 770 434 carus
796 395 818 435 u
1149 349 1153 358 ι
1247 370 1308 434 427

172 567 227 607 eam
247 553 420 606 sententiam
440 551 677 621 exquisitissimos
697 551 874 604 iratr‘dcraut.
914 564 1023 624 nempe
1045 545 1076 602 in
1096 564 1134 602 ea
1154 543 1308 602 titulorum

172 651 330 722 varietate,
347 668 439 730 quam
453 648 564 710 deinde
586 650 758 709 Plinianam
777 647 999 728 praefationem
1021 646 1154 705 imitatus
1177 645 1311 722 conlegit
1399 708 1402 715 .

171 761 199 811 ut
214 772 289 812 suae
302 753 399 830 ipsius
416 752 619 830 inscriptionis
636 751 861 830 simplicitatem
877 757 1055 821 exornaret,
1073 768 1146 807 ecce
1162 748 1240 808 haec
1256 768 1308 826 po-

170 856 239 913 suit:
267 863 312 913 est
321 863 482 928 praeterea
497 859 548 928 qai
559 864 677 927 pratum
701 851 862 931 (scripsit).
903 851 1240 935 quibusa'l'ranquillnm
1264 850 1309 910 iu·

171 957 262 1017 dicari
277 964 364 1017 recte
381 955 496 1014 monuit
512 955 625 1032 primus
641 955 808 1014 Dorriilius
824 955 844 1014 l.
860 975 886 1016 c.
906 976 936 1034 p.
951 962 1013 1018 966.

248 1057 393 1117 Eundem
409 1077 482 1118 vero
497 1056 606 1116 librum
620 1058 712 1116 etism
733 1077 751 1115 a
766 1056 924 1117 Prisciauo
941 1056 1043 1128 citari,
1067 1056 1098 1113 in
1119 1056 1204 1115 ouius
1224 1053 1310 1113 libris

168 1172 212 1221 ter
232 1164 390 1220 Suetonius
400 1165 430 1218 r'a
444 1169 616 1233 praetorum
639 1158 724 1217 libris
740 1159 945 1238 usurpabatur
961 1157 1013 1236 (cf.
1032 1159 1140 1235 fragm.
1159 1167 1217 1218 111.
1236 1154 1312 1219 nt*

169 1259 304 1341 adnot),
323 1262 456 1321 coniecit
470 1260 620 1319 Baehrius
636 1261 707 1320 hist.
729 1261 785 1321 litt.
802 1262 887 1321 Rom.
903 1263 937 1321 II
957 1283 987 1341 p.
1006 1271 1064 1324 160.
1100 1258 1148 1316 cui
1162 1265 1248 1317 recto
1265 1259 1310 1316 iu·

168 1365 247 1425 dicio
262 1365 311 1423 usi
325 1372 545 1423 consenserunt
557 1362 726 1438 Regontius
738 1362 759 1420 l.
776 1383 801 1422 c.
816 1384 845 1442 p.
861 1373 895 1426 25
911 1373 942 1423 et
956 1363 1112 1423 Beckerus
1130 1382 1160 1440 p.
1175 1360 1258 1419 XIII
1267 1379 1311 1441 sq.

165 1470 208 1528 ita
221 1478 341 1539 tamen,
359 1474 394 1526 ut
407 1465 457 1524 bic
472 1466 583 1524 iactam
599 1449 637 1522 ab
661 1463 722 1522 illis
738 1464 788 1523 vel
814 1465 892 1525 futili
912 1465 1145 1525 ratiocinatione
1164 1461 1309 1521 munitam

166 1569 349 1631 seutentiam
370 1567 452 1625 iusta
472 1567 734 1643 argumentatione
757 1569 844 1646 quasi
868 1567 1087 1627 corroboraret.
1120 1564 1176 1626 sed
1190 1585 1229 1624 ne
1245 1563 1311 1624 eius

167 1671 292 1753 quidem
312 1669 445 1728 rationes
466 1666 504 1726 ab
528 1667 609 1726 omui
628 1677 715 1746 parte
737 1668 811 1726 mibi
835 1669 981 1748 probatae
1004 1676 1083 1730 suut.
1117 1669 1215 1748 primo
1232 1668 1311 1726 eninr

165 1775 224 1833 boc
241 1779 421 1849 argumento
441 1789 513 1827 usus
532 1777 592 1839 est,
617 1777 790 1847 praetorum
810 1770 904 1830 libros
927 1771 1003 1830 nihii
1025 1770 1107 1830 aliud
1129 1789 1198 1829 esse
1219 1788 1311 1847 posse

165 1874 224 1934 uici
243 1872 404 1932 historiam
424 1871 476 1930 vel
495 1872 575 1930 vitas
601 1879 784 1950 praetorum.
819 1883 851 1932 at
879 1874 958 1951 fugit
987 1852 1055 1932 eum
1081 1871 1311 1950 inscriptionum

166 1997 255 2049 usus,
276 1975 376 2056 qualis
393 1982 425 2034 et
447 1972 529 2053 apud
545 1972 622 2030 aiios
644 1984 675 2030 ct
698 1971 780 2051 apud
794 1974 981 2034 Macrobium
1004 1975 1094 2033 satl
1116 1983 1161 2036 13:
1195 1975 1311 2030 Tudita-

167 2097 221 2138 ω
238 2079 336 2152 refert
348 2079 421 2137 libro
436 2079 519 2132 tertio
534 2076 752 2147 moyistrotuum
768 2078 968 2155 conspicitur,
994 2084 1027 2133 ut
1049 2073 1197 2154 adpareat
1221 2074 1312 2132 ctiam

149 2188 342 2261 ,praetorum
360 2176 454 2236 libros
471 2176 536 2234 iure
553 2175 614 2234 dici
635 2175 729 2235 libros
750 2176 789 2235 de
811 2176 1013 2255 praetoribus.
1048 2175 1194 2233 maiorem
1210 2183 1313 2232 tamen
1407 2237 1409 2241 ,

166 2283 228 2341 rim
243 2288 329 2340 recte
344 2276 501 2338 Beckerus
516 2277 604 2337 alteri
627 2286 804 2354 argumento
822 2277 941 2350 tribuit,
963 2275 1046 2356 quod
1065 2295 1170 2334 omnes
1192 2274 1310 2333 dubita-

167 2384 267 2442 tiones
282 2389 466 2440 removeret.
480 2396 484 2405 ·
497 2377 579 2458 apud
600 2377 750 2437 Isidorum
768 2379 847 2437 euim
869 2379 900 2437 iu
925 2398 961 2437 eo
982 2377 1075 2448 libro,
1102 2395 1162 2453 quo
1183 2375 1312 2435 Suetoui

168 2484 262 2564 pratis
278 2491 310 2541 et
326 2481 473 2560 scriptore
489 2487 519 2537 et
536 2478 613 2538 libro
629 2480 783 2539 nomInato
798 2500 871 2551 usus
888 2488 950 2551 est,
975 2484 1009 2538 rte
1030 2487 1138 2535 natare
1153 2492 1251 2533 reram
1267 2476 1313 2537 Ic

169 2585 276 2644 eadem
289 2583 329 2642 de
341 2579 449 2641 diebus
464 2582 553 2640 fastis
568 2581 724 2658 leguntur,
737 2602 817 2661 quae
829 2581 996 2641 secundum
1007 2577 1159 2640 Prisciani
1170 2598 1200 2656 p.
1213 2585 1263 2640 387
1276 2578 1311 2636 li·

167 2684 237 2746 bros
250 2690 281 2744 in
294 2692 399 2743 octauo
409 2693 578 2756 praetorum
592 2681 754 2742 Suetonius
768 2684 861 2756 dixit,
877 2693 908 2743 et
922 2704 995 2742 vero
1007 2684 1066 2770 ita,
1082 2688 1115 2738 ut
1129 2682 1188 2738 iam
1199 2677 1312 2738 nemini

169 2789 200 2847 in
212 2793 347 2846 mentem
361 2785 467 2845 venire
485 2786 598 2864 possit,
621 2785 697 2843 talia
716 2788 894 2865 exposuisse
912 2785 1090 2845 Suetonium
1115 2783 1146 2841 in
1167 2780 1251 2840 libris
1273 2779 1312 2839 de

169 2886 370 2969 praetoribus.
405 2906 474 2944 uam
490 2887 650 2965 praeclare
665 2888 823 2947 Beckerus
837 2896 931 2946 totam
946 2885 1187 2965 paragraphum,
1205 2885 1236 2943 in
1252 2901 1313 2963 qut

171 2989 265 3050 verba
275 2988 330 3071 iila
338 2987 498 3066 leguntur,
516 2984 664 3047 Suetonio
678 2991 896 3049 restituendam
909 3009 976 3049 esse
987 2987 1065 3047 vidit
1076 2986 1199 3064 (fragm.
1215 2984 1312 3065 rw).

171 3094 268 3169 agitur
282 3099 386 3150 autem
405 3108 443 3148 ea
463 3088 608 3148 simuide
624 3091 742 3150 feriatis
758 3092 902 3170 profestis
925 3091 1012 3150 festis
1034 3090 1107 3148 atris
1130 3087 1313 3156 sideralibus

171 3194 257 3254 iustis
268 3189 472 3273 praeliaribus
494 3190 616 3266 diebus3
651 3193 733 3272 quod
755 3200 963 3271 argumentum
984 3211 1047 3250 nou
1065 3192 1126 3249 iam
1149 3191 1313 3249 convenire

171 3301 343 3375 praetorum
354 3292 439 3352 libris
452 3293 774 3374 eiconced'entquibus
787 3294 959 3354 observatio
968 3293 1005 3352 de
1018 3293 1106 3352 fastis
1117 3291 1313 3352 dicbushaud
1374 3330 1377 3335 -

171 3393 317 3455 imnerico
336 3395 446 3455 iustam
464 3397 528 3455 eius
546 3396 728 3475 particulam
747 3396 870 3455 efficere
887 3398 955 3456 visa
973 3404 1033 3468 est,
1053 3413 1121 3453 cum
1133 3394 1314 3473 praesertim

172 3496 298 3556 aiterum
316 3498 518 3575 fragmentum
537 3498 617 3576 quod
636 3497 682 3556 bis
701 3518 719 3556 a
736 3498 894 3557 Prisciano
911 3508 1075 3576 usurpatur
1095 3500 1216 3579 (fragm.
1238 3498 1312 3578 111),

173 3599 283 3679 quippe
295 3618 356 3680 quo
370 3598 422 3660 lex
440 3600 596 3659 Plaetoria
611 3609 876 3676 commemoretur,
899 3598 937 3658 de
958 3600 1022 3657 iure
1039 3602 1122 3661 civiii
1144 3622 1313 3678 sermonem

173 3699 264 3761 fnisse
274 3699 437 3761 iudicaret.
454 3701 554 3761 eidem
565 3702 761 3781 disputationi
775 3700 813 3759 de
827 3699 934 3759 diebus
946 3700 1134 3761 reddendam
1147 3722 1215 3762 esse
1225 3704 1313 3762 sciro·

171 3800 278 3863 iiastae
295 3802 335 3863 ad
350 3803 508 3862 Lucanum
518 3805 546 3863 V
559 3813 590 3875 7,
604 3805 655 3884 qui
671 3803 847 3862 Suetonium
861 3810 1015 3860 auctorem
1029 3804 1179 3876 nominat,
1197 3804 1313 3864 dierum

173 3903 410 3983 congiuvialium
426 3903 632 3964 definitionem
647 3904 767 3982 (fragm.
786 3903 865 3981 115),
881 3904 1052 3965 Beckerum
1069 3925 1129 3964 non
1145 3906 1237 3983 fugit,
1253 3926 1313 3985 quo

173 4005 344 4065 testimonio
360 4014 391 4063 et
402 4004 579 4066 Suetonium
597 4007 635 4066 de
657 4007 764 4067 diebus
781 4008 811 4065 in
828 4008 1002 4066 universum
1019 4008 1199 4068 disseruisse
1216 4009 1313 4067 etIsi·

174 4106 276 4168 dorum
288 4109 355 4167 eius
368 4109 590 4186 expositionem
601 4110 761 4169 mutilasse
774 4106 985 4187 conprobatur.
1004 4111 1142 4191 equibus
1154 4129 1228 4170 sane
1241 4128 1312 4166 con·

173 4211 334 4271 sectarium
364 4220 411 4269 est
439 4219 472 4268 ut
501 4210 583 4290 apud
604 4212 793 4270 Priscianum
823 4218 979 4288 pratorum
1009 4213 1103 4272 libros
1122 4228 1312 4291 reponamus.

173 4311 297 4372 eosdem
312 4328 394 4369 nunc
408 4310 556 4370 Prisciani
573 4311 656 4384 libri,
675 4331 801 4391 quorum
817 4311 967 4389 scriptura
988 4320 1050 4372 turn
1073 4312 1217 4390 temporis
1237 4329 1312 4369 non·

172 4411 239 4473 dum
251 4412 347 4493 plene
364 4421 437 4472 uota
455 4422 536 4486 erat,
556 4413 668 4472 XVIII
685 4421 735 4476 149
750 4420 934 4489 agnoscunt,
951 4412 1004 4472 ubi
1020 4414 1166 4473 HertaIns
1180 4409 1313 4471 Beckeri
