2964 5002
54 2394 59 2410 ¹
164 2409 237 2473 Ὃος

186 356 222 417 16
551 370 594 412 nn
619 370 706 412 vuus
728 369 942 412 mnvsrrunra

155 518 160 528 ’
183 521 345 586 Caecilius
367 517 551 582 comoedias
575 520 797 602 scripserunt]
835 449 955 581 Latiha
975 516 1128 580 Atellana
1152 539 1173 579 a
1195 516 1325 582 Graeca

183 623 324 708 satyrica
346 621 470 702 differt,
510 618 598 705 quod
627 620 661 681 in
689 621 832 705 satyrica
857 619 927 682 fere
951 628 1135 704 satyrorum
1166 642 1326 706 personae

182 725 393 795 inducuntur,
424 731 481 783 aut
503 722 617 806 siquae
639 729 715 782 sunt
735 718 893 783 ridiculae
916 721 1039 785 similes
1061 722 1199 804 satyris,
1222 721 1325 784 Auto-

182 825 273 910 lycus
295 823 435 901 Busiris,
458 821 492 883 in
512 820 665 884 Atellano
684 820 790 885 Oscae
811 842 987 906 personae,
1009 831 1045 885 ut
1066 821 1210 885 Maccus.

266 925 464 1007 (Poematos)
494 923 655 1007 exegetici
689 921 742 984 uel
775 924 955 986 enarratiui
983 924 1109 1008 species
1139 931 1215 986 sunt
1247 933 1347 1004 treas

182 1027 341 1111 ang'cltice
363 1024 516 1088 historice
538 1022 747 1088 didascalice.
790 1023 955 1108 angeltica
975 1033 1026 1087 est
1051 1046 1116 1111 qua
1142 1025 1325 1088 sententiae

182 1127 382 1205 scribuntur,
416 1134 453 1187 ut
475 1134 526 1189 est
547 1124 749 1209 Theognidis
772 1123 871 1206 liber,
900 1126 978 1188 item
1002 1125 1121 1190 chriae.
1169 1125 1326 1189 historice

96 1246 99 1250 “
183 1239 233 1293 est
254 1250 316 1315 qua
338 1226 542 1291 narrationes
560 1239 593 1289 et
614 1226 828 1310 genealogiae
850 1235 1091 1311 conponuntur,
1113 1239 1149 1291 ut
1164 1236 1215 1291 est
1231 1216 1326 1290 Ἡσι-

183 1325 265 1394 όδου
297 1326 470 1411 γυναικῶν
501 1320 686 1407 κατάλογος
714 1335 746 1389 et
780 1327 909 1390 similia.
958 1327 1158 1393 didascalice
1183 1338 1233 1392 est
1259 1350 1326 1415 qua

162 1430 455 1517 sconprehenditur
476 1426 682 1516 philosophia
703 1436 739 1490 ut
763 1427 973 1514 Empedoclis
1003 1437 1036 1493 et
1065 1429 1216 1512 Lucreti,
1247 1432 1359 1495 iterun

157 1605 161 1611 ¹
183 1531 375 1615 astrologia,
398 1540 435 1594 ut
456 1530 681 1617 phaenomena
698 1520 839 1611 Ἀράτου
860 1538 893 1593 et
910 1530 1093 1612 Ciceronis,
1116 1542 1149 1594 et
1168 1533 1326 1617 georgica
1349 1590 1358 1605 ,

186 1632 320 1718 Vergilii
344 1632 445 1695 ethis
467 1630 598 1694 similia.
1354 1609 1365 1643 '⁸

266 1733 396 1797 Κοινοῦ
410 1731 463 1797 uel
482 1733 663 1796 communis
677 1741 845 1818 poematos
863 1734 988 1819 species
1006 1735 1112 1819 prima
1128 1745 1177 1799 est
1193 1736 1327 1799 heroica

181 1845 217 1899 ut
241 1846 291 1899 est
319 1834 442 1900 Iliados
471 1842 503 1897 ct
530 1832 711 1911 Aeneidos,
746 1834 890 1898 secunda
920 1838 984 1915 (est
1011 1835 1175 1920 lyrica,ut
1196 1845 1324 1919 estu,

180 1941 278 2001 tertia
307 1941 369 2019 est)
399 1935 547 2020 elegiaca
571 1933 702 2021 (uuest
728 1962 783 2016 ss,
813 1945 928 2020 quarta
955 1945 1005 1999 est
1031 1937 1185 2035 iambica)
1211 1951 1248 2033 up
1276 1946 1358 2003 estis

182 2037 370 2102 Archilochi
397 2038 441 2121 [et
464 2035 645 2119 Horatiusl.

176 2269 347 2343 ‘Praestamarci
365 2269 383 2343 ἡ
403 2268 520 2343 dimetari
534 2275 750 2340 πλανιπεδαρία
768 2268 787 2343 ἡ
804 2275 1029 2341 muneralaeta,
1047 2272 1149 2344 μιμικὴ
1168 2270 1186 2345 η’
1202 2277 1255 2328 νῦν
1273 2276 1324 2356 dri-

181 2347 237 2397 θεν
276 2338 330 2411 (iva
347 2339 505 2411 σωζομένη,
530 2338 661 2411 τεχνικὸν
678 2337 731 2410 μὲν
750 2338 854 2409 ἔχουσα
872 2335 974 2408 οὐδέν,
998 2338 1071 2410 λόγῳ
1092 2339 1183 2410 μόνον
1205 2339 1237 2396 τὸ
1255 2347 1324 2411 πλη-

250 2363 395 2479 iiruiroucu
413 2407 523 2478 γέλωτι.
536 2413 687 2462 Commeat.
702 2413 784 2477 Cruq.
799 2413 827 2462 in
845 2413 912 2462 Her.
926 2420 978 2463 art.
991 2419 1065 2478 poet.
1078 2412 1140 2463 ‘2882
1154 2411 1323 2479 praetextas]

182 2482 502 2548 ‘praetexta-tragoedia
520 2482 573 2531 suit
592 2497 608 2530 a
621 2487 768 2546 praetexta
780 2486 867 2542 ueste,
887 2496 941 2545 qua
959 2481 1108 2531 utebantur
1126 2482 1234 2531 nabiles
1246 2483 1325 2546 pueri

182 2551 232 2600 suh
251 2550 399 2615 disciplina
417 2550 452 2598 ad
466 2565 566 2598 aunum
577 2564 664 2612 usque
677 2548 812 2597 decimum
831 2549 962 2612 quintum.
988 2538 1085 2614 togatis
1103 2564 1168 2598 uero
1181 2550 1325 2598 comoedia

182 2619 236 2668 fuit
254 2637 271 2668 a
294 2624 360 2682 toga
378 2623 456 2666 ucstc
475 2618 614 2676 Romana,
645 2632 698 2680 qua
717 2617 804 2665 curnis
822 2631 903 2666 serus
922 2617 1065 2681 omnisque
1079 2617 1208 2667 condicio
1226 2616 1324 2666 uteba-

182 2694 227 2737 tur
246 2686 316 2752 apud
336 2685 577 2746 Rornanos,·1urdc
602 2688 645 2733 cst
663 2684 738 2733 (licita
757 2699 825 2748 gens
843 2689 948 2747 togata.
985 2676 1198 2749 togah'a'utem
1218 2700 1325 2734 corrice·

182 2754 229 2802 dia
247 2753 339 2803 differt
352 2770 368 2802 a
387 2752 517 2817 palliata,
537 2750 608 2816 quod
624 2751 744 2818 palliata
761 2750 836 2799 dicta
849 2751 886 2799 sit
905 2767 921 2800 a
933 2751 1020 2816 pallio
1034 2751 1142 2802 Graeco
1156 2753 1324 2801 indumento.

182 2827 342 2885 praetextas
361 2827 389 2869 et
407 2823 518 2884 togatas
542 2819 712 2883 scripserunt
735 2818 830 2880 dolius
852 2819 966 2881 Lamia,
990 2820 1126 2868 Antonius
1148 2816 1251 2881 Rufus,
1275 2820 1324 2869 Cn.

181 2888 266 3004 grasso
280 2886 326 2953 0.)
340 2888 481 2948 Melissus,
496 2887 636 2948 Afranius,
656 2884 814 2951 [Africanus
822 2883 840 2950 ,]
860 2888 1035 2952 Pomponius.
1060 2888 1216 2937 fabularum
1235 2894 1325 2937 autem

207 2971 366 3004 omsuarum
389 2970 493 3019 garrera
516 2956 649 3018 quinque:
686 2955 804 3003 stataria
827 2955 945 3004 motoria
964 2962 1142 3020 praetextata
1164 2956 1326 3005 tabernaria

156 3028 210 3071 ·t0
232 3021 305 3072 ata.'
1103 3029 1105 3036 '

212 3039 230 3088 g
269 3089 300 3138 14
312 3106 351 3153 sq.
376 3089 601 3151 QuintilianusX
616 3087 698 3151 1,ao:
723 3089 768 3137 ‘At
780 3089 927 3153 lyricomm
939 3090 1012 3140 idem
1025 3091 1158 3141 Horatius
1172 3092 1230 3140 lere
1252 3092 1327 3141 solus

181 3158 238 3223 legi
264 3158 373 3221 dignus.
408 3173 472 3207 narn
496 3164 524 3207 et
546 3158 664 3221 insurgit
687 3157 836 3220 aliquando
861 3163 888 3206 et
912 3158 1009 3222 plenus
1034 3164 1077 3208 est
1099 3159 1279 3223 iucunditatis
1299 3165 1327 3209 et

182 3227 290 3289 gratiae
315 3231 343 3273 et
365 3226 459 3274 uarius
485 3225 628 3290 liguriswat
652 3225 745 3283 uerbis
770 3224 930 3274 felicissime
956 3226 1055 3276 audax.
1085 3226 1189 3291 siquem
1213 3227 1326 3275 adicere

181 3294 265 3355 uelis,
294 3294 318 3342 is
344 3294 396 3341 erit
419 3292 536 3342 Caesius
559 3293 677 3354 Bassus,
701 3308 780 3356 quem
808 3308 895 3357 nuper
917 3294 1049 3361 uidimus,
1086 3295 1133 3343 scd
1158 3309 1219 3343 eum
1243 3294 1326 3358 longe
1369 3343 1372 3348 ,

181 3362 353 3425 praecedunt
371 3361 485 3424 ingenia
503 3358 680 3410 uiuentium'

266 3615 334 3676 tin
354 3616 489 3693 satyrica
509 3638 539 3684 ςι
563 3617 733 3698 ineatyrica
755 3618 841 3672 ΑΒΜ
859 3612 872 3697 ΙΙ
894 3619 1184 3679 3αιιῐοΙίοιιεΑΒΜ
1200 3614 1213 3700 ΙΙ
1234 3619 1326 3680 4Bu·

182 3701 250 3760 siris
278 3703 463 3775 Caesulenus
493 3706 528 3758 dc
552 3711 608 3761 sat.
634 3702 717 3776 poesi
739 3721 770 3774 p.
794 3704 831 3757 95
857 3707 900 3761 cd.
923 3706 1041 3760 Rumh.:
1074 3703 1219 3762 busiridis
1243 3705 1329 3761 ΑΒΜ

182 3786 279 3844 burris
303 3808 321 3856 ς
341 3781 354 3867 Η
375 3784 552 3843 obscoenae
574 3806 723 3865 personae
747 3807 765 3856 ς
784 3781 798 3867 ll
818 3799 833 3848 ὁ
858 3789 1022 3847 Poematos
1046 3792 1146 3846 ‹uldr'dr'
1164 3783 1208 3870 117
1226 3789 1328 3847 chriae

182 3877 206 3929 Α
236 3871 330 3930 diriae
358 3865 420 3927 BM
442 3891 496 3928 ons.
527 3891 544 3939 ς
574 3868 586 3951 ll
617 3883 635 3935 8
661 3871 861 3949 hesiodugiue
896 3872 1111 3947 concalalog'os
1143 3877 1197 3930 ΑΒ
1227 3874 1328 3933 hesio-

183 3958 294 4034 dugine
327 3956 543 4032 contagalogos
572 3958 604 4012 M
632 3956 761 4015 Hesiodi
793 3958 957 4031 theogonia
980 3975 998 4023 ς
1027 3954 1040 4033 Η
1077 3967 1107 4016 10
1135 3958 1330 4036 philosophia

182 4052 214 4101 ut
237 4041 305 4099 libri
323 4042 477 4101 Varronis.
490 4040 687 4118 Empedoclis
711 4041 845 4100 Lucretii
868 4062 886 4109 ς
906 4049 939 4097 ut
960 4059 1014 4096 om.
1041 4044 1129 4098 ΑΒΜ
1146 4038 1159 4121 ΙΙ
1185 4054 1211 4103 ΙΙ
1241 4053 1329 4101 aratu

183 4129 272 4185 ΑΒΜ
283 4122 296 4208 Η
312 4136 345 4190 13
361 4125 451 4204 Cyuu
467 4130 521 4183 AB
543 4125 652 4205 Cynun
667 4127 701 4182 M
719 4121 733 4207 ll
757 4139 787 4188 14
801 4124 903 4184 iliadis
920 4125 1009 4181 ΑΒΜ
1027 4120 1039 4206 Η
1056 4137 1145 4182 est—
1158 4136 1205 4184 est
1222 4132 1329 4186 lacuna

182 4217 308 4271 indicata
339 4214 451 4269 addidi:
485 4210 639 4269 secundae
660 4211 740 4269 liuca
764 4215 788 4268 Α
814 4207 948 4268 secunda
975 4208 1074 4266 eliaca
1104 4213 1167 4267 ΒΜ
1192 4211 1330 4270 secrmda

183 4297 281 4375 lyrica
306 4320 336 4369 ς,
367 4297 502 4355 secunda
531 4305 577 4355 cst
601 4297 701 4375 lyrica
726 4299 837 4353 Keilius
862 4290 876 4371 Η
906 4304 936 4353 15
956 4294 1192 4353 ut-iambica
1222 4302 1330 4355 lucrans

183 4386 310 4441 indicata
329 4388 393 4440 item
409 4385 509 4441 addidi
528 4377 541 4465 [Ι
564 4392 596 4446 16
617 4380 761 4440 archiloci
783 4378 871 4437 ΑΒΜ
885 4367 901 4458 ΙΙ
925 4386 956 4436 et
980 4378 1127 4437 Horatius
1146 4386 1268 4439 seclieri:
1298 4392 1331 4442 et
