2964 5002
162 368 225 435 236
672 384 803 425 rnnrvn

162 534 344 597 renitatem.
386 538 473 594 certe
496 530 521 593 si
548 528 642 593 rubet
666 531 760 615 quasi
785 551 900 592 aurum
923 537 1037 594 uentos
1060 528 1311 594 ostendit—lit

162 635 248 697 enim
264 640 380 696 uentus
397 653 440 695 ex
454 632 539 695 neris
553 630 715 695 densitate
721 680 730 712 ,
750 630 941 716 (densitate)
956 629 1098 695 obducta
1117 630 1166 695 sol
1179 641 1213 695 et
1231 630 1311 695 luna

162 734 340 799 rubescunt
366 772 407 782 -
433 734 509 797 item
538 734 566 796 si
595 752 716 797 cornua
749 733 821 796 eius
853 730 983 796 obtecta.
1018 733 1141 796 fuerint
1176 732 1311 814 nebula,

161 845 338 922 tempestas
369 835 480 898 sutura
506 845 564 898 est.
619 834 744 897 Aratus
772 842 880 898 autem
912 830 1007 911 dicit,
1043 834 1073 897 si
1105 832 1311 919 aquilonium

161 959 263 1002 cornu
293 935 391 999 lunae
425 936 467 999 sit
500 938 697 1021 porrectius,
733 935 918 1022 aquilonem
949 936 1127 1012 inminere,
1173 936 1253 998 item
1275 934 1334 997 'sis

163 1059 263 1102 cornu
286 1035 430 1101 australe
454 1039 496 1100 sit
516 1037 672 1114 erectius,
697 1045 809 1101 uotum
832 1037 1002 1100 inminere.
1052 1046 1170 1123 quarto
1201 1043 1312 1100 autem

163 1140 241 1202 luna
262 1138 446 1202 futurarum
468 1136 569 1202 index
593 1139 777 1202 certissima
803 1137 941 1203 liabetur
962 1158 1131 1218 aurarum,
1160 1135 1249 1202 unde
1279 1145 1314 1200 et

164 1239 343 1324 Virgilius:

290 1343 342 1405 sin
363 1349 435 1405 ortu
458 1348 588 1427 quarto,
614 1362 755 1425 namque
777 1340 804 1403 is
820 1341 1025 1405 certissimus
1048 1348 1174 1404 auctor.

162 1443 240 1504 item
265 1439 351 1504 idem
373 1439 535 1526 Virgilius
559 1441 652 1523 dicit,
681 1442 709 1504 si
740 1439 788 1505 sol
812 1441 846 1505 in
869 1449 942 1505 ortu
963 1462 1021 1504 suo
1049 1437 1240 1504 maculosus
1270 1439 1348 1502 situ

164 1610 224 1645 curn
243 1596 381 1645 serenitas
399 1596 436 1645 sit
454 1595 535 1657 licet,
559 1596 681 1661 pluuium
703 1602 797 1646 tumen
818 1603 971 1662 uentosque
992 1595 1203 1662 significabunt.
1241 1593 1313 1643 siin

163 1669 224 1712 ortu
248 1669 296 1713 aut
319 1664 347 1712 in
370 1678 473 1713 occasu
497 1666 635 1714 contracti
658 1669 807 1714 cernentur
829 1664 916 1727 radii,
945 1664 1068 1715 imbrem.
1104 1663 1128 1712 si
1153 1663 1183 1711 in
1207 1674 1312 1711 oeensn

164 1731 222 1780 eius
240 1728 318 1795 pluet
336 1736 384 1780 aut
402 1730 474 1779 radii
491 1731 593 1780 nubem
611 1732 639 1780 in
657 1747 686 1781 se
705 1731 831 1793 trahent,
860 1748 891 1782 as
913 1746 987 1781 eram
1009 1733 1039 1780 in
1061 1730 1215 1796 proximum
1239 1728 1312 1778 diem

163 1801 357 1863 tempestatem
375 1798 580 1861 significabunt.
617 1814 679 1848 curn
701 1799 806 1850 oriente
829 1799 901 1850 radii
918 1814 972 1848 non
990 1799 1121 1863 inlustres
1140 1796 1312 1857 eminebant,

163 1864 288 1928 quemuis
307 1864 478 1915 circumdata
500 1866 588 1915 nubes
611 1881 666 1916 non
690 1866 739 1929 sit,
764 1866 885 1931 pluuium
909 1881 963 1916 non
986 1865 1162 1932 portendant.
1198 1863 1222 1914 si
1246 1868 1312 1913 ante

163 1938 286 1981 exortum
304 1933 391 1981 nubes
409 1931 607 1996 globabuntur,
627 1934 745 1984 hiemem
764 1949 891 2000 asperam
909 1933 1119 1984 denuntiabunt.
1152 1933 1177 1983 si
1197 1931 1312 1981 abortu

163 1997 331 2064 repellentur
355 2006 383 2048 et
407 1998 441 2049 ad
464 2015 593 2051 occasum
616 2000 746 2066 abibunt,
771 2002 958 2053 serenitatem.
996 2003 1019 2051 si
1042 2000 1129 2050 nubes
1148 1998 1237 2050 solem
1259 1997 1312 2048 cir·

163 2065 352 2131 cumcludent,
377 2073 480 2132 qunnto
503 2069 591 2118 minus
609 2069 721 2118 luminis
739 2069 896 2135 relinquent
913 2075 992 2118 tanto
1011 2068 1146 2119 turbidior
1157 2071 1312 2132 tempestae

164 2134 230 2195 erit,
255 2135 279 2183 si
297 2149 362 2184 uero
382 2135 466 2185 etiarn
484 2135 584 2201 duplex
607 2137 681 2186 orbis
699 2136 797 2199 fuerit,
817 2153 849 2188 eo
869 2137 997 2188 atrocior.
1034 2135 1148 2201 quodsi
1167 2135 1196 2184 in
1215 2138 1313 2184 exortu

165 2208 212 2250 aut
230 2202 259 2251 iu
277 2217 378 2251 occasu
396 2202 458 2263 fiet,
477 2203 519 2253 ita
536 2210 567 2254 ut
584 2203 734 2254 rubescant
751 2206 848 2267 nubea,
866 2219 995 2255 maxuma
1013 2203 1175 2254 ostendetur
1193 2207 1312 2267 tempes-

165 2276 218 2320 tas.
254 2270 277 2318 si
296 2285 350 2319 non
370 2271 513 2320 ambibunt
531 2271 580 2321 sed
598 2271 771 2333 incumbent,
797 2289 814 2322 a
832 2286 1000 2337 quocumque
1024 2276 1107 2321 uento
1125 2270 1233 2320 suerint
1251 2282 1313 2319 eum
1339 2271 1344 2279 '

164 2337 361 2403 portenderint,
381 2338 405 2387 si
424 2355 440 2388 a
459 2338 585 2401 meridie,
606 2345 634 2389 et
651 2339 774 2391 imbrem.
811 2340 835 2389 si
852 2341 945 2390 oriens
963 2340 1090 2404 cingetur
1108 2337 1187 2397 orbe,
1205 2352 1240 2387 ex
1259 2349 1313 2402 qn·

165 2410 244 2470 pnrte
263 2405 286 2454 is
304 2421 334 2455 se
354 2408 444 2522 aperit
462 2411 623 2472 expectetur
641 2414 749 2459 uentus.
785 2408 809 2458 si
826 2411 902 2458 totns
919 2407 1064 2457 defluxerit
1083 2404 1251 2470 aequaliter,
1270 2418 1313 2455 se·

165 2473 312 2523 reuitntern
335 2472 371 2523 da
393 2475 423 2522 it.
464 2474 488 2522 si
511 2475 540 2523 in
564 2481 661 2524 exortu
683 2472 767 2542 longe
792 2474 883 2525 radios
901 2491 950 2540 per
967 2473 1049 2524 nubis
1066 2474 1192 2539 porriget
1210 2478 1238 2522 et
1257 2487 1312 2521 me-

165 2540 227 2589 dius
246 2540 298 2590 erit
315 2541 415 2602 inanis,
434 2541 557 2606 pluuium
575 2542 754 2607 significabit.
791 2544 816 2592 si
835 2548 900 2592 ante
919 2548 1005 2592 ortrrm
1024 2542 1096 2591 radii
1110 2557 1140 2590 se
1154 2539 1311 2601 ostendent,

167 2623 265 2672 aquam
284 2615 318 2665 ‚et
340 2613 462 2658 uentum.
503 2610 526 2658 si
552 2610 627 2658 circu
650 2610 823 2660 occidentem
847 2610 981 2661 candidus
1000 2608 1120 2660 circulus
1139 2608 1202 2671 erit,
1223 2606 1313 2657 noctis

166 2677 255 2726 leuem
274 2678 481 2741 tempestatem,
505 2677 528 2725 si
547 2677 662 2738 nebula,
688 2677 936 2738 uehementiorem,
962 2678 984 2725 si
1010 2677 1147 2726 candente
1167 2675 1312 2725 selenen·

165 2749 236 2804 turn,
261 2745 283 2792 si
309 2751 368 2793 ater
387 2745 505 2794 circulus
524 2745 621 2804 fuerit,
647 2760 680 2793 ex
705 2761 759 2810 qna
778 2747 890 2811 regione
910 2747 933 2795 is
953 2745 1057 2810 ruperit
1075 2760 1105 2794 sc
1123 2750 1239 2793 uentum
1257 2758 1312 2791 rna·

167 2826 257 2876 gnum.
298 2811 434 2860 Proxuma
463 2813 519 2862 sint
547 2812 604 2860 inre
633 2812 715 2861 lnnnc
744 2813 900 2877 praesagia.
942 2819 1068 2877 quartam
1096 2828 1158 2861 earn
1186 2824 1313 2860 maxume

167 2878 297 2927 obserunt
320 2879 471 2943 Aegyptus.
512 2881 536 2929 si
564 2879 713 2944 splendens
738 2888 833 2931 exorta
856 2896 922 2945 puro
941 2881 1029 2929 nitore
1055 2879 1148 2940 fulsit,
1177 2879 1312 2928 serenita-

166 2952 235 3005 tem,
259 2945 467 3008 sicubicundn,
486 2951 599 3008 uentos,
624 2950 648 2996 si
671 2947 764 3013 nigra,
791 2948 900 3014 plunins
922 2947 1088 3013 portendere
1112 2946 1244 2996 ereditur.
1285 2946 1313 2995 in

167 3013 263 3077 quinta
286 3028 389 3064 cornua
419 3016 478 3064 eius
500 3020 619 3079 optunsn
647 3014 783 3080 pluuium,
814 3022 908 3065 erecta
938 3021 965 3066 et
989 3014 1093 3064 intesta
1117 3019 1217 3063 uentos
1243 3029 1314 3064 sem-

253 3162 263 3211 l
287 3150 366 3209 rubit
386 3155 410 3208 A
426 3151 488 3209 ru&
505 3153 531 3208 B
547 3155 612 3210 eorl.
635 3172 712 3212 mnu.
734 3151 752 3209 b
775 3170 923 3227 superscr.
940 3146 953 3232 Η
969 3162 1078 3211 uentus
1097 3148 1191 3209 AB²G
1214 3151 1313 3210 uentis

170 3233 204 3295 Β1
222 3230 234 3313 Η
250 3245 347 3296 ‘lares
361 3240 383 3295 G
399 3236 412 3318 Η
427 3235 588 3309 densitate,
605 3236 756 3297 densitate
769 3237 901 3296 obducta
914 3238 1017 3308 GMe),
1031 3241 1194 3310 Bipnueus:
1213 3236 1314 3294 densi·

166 3331 230 3381 tate
244 3321 376 3382 obducta
390 3327 443 3381 BE
454 3321 605 3380 densitate
620 3322 753 3381 obducta
769 3323 920 3382 dnmACD
936 3317 949 3401 Η
964 3321 1156 3382 erubeseunt
1169 3323 1192 3377 G
1209 3319 1314 3379 rubes-

167 3416 239 3465 cunt
260 3406 289 3464 id
306 3406 462 3466 imminere
478 3408 505 3463 Β
520 3400 533 3486 Η
548 3413 632 3464 tecta
643 3409 730 3466 EGM
742 3403 755 3489 Η
770 3407 884 3466 nubula
898 3403 935 3463 Αι
949 3405 1053 3466 nubila
1064 3402 1102 3462 Al
1118 3400 1131 3485 Η
1146 3414 1164 3466 4
1179 3405 1238 3481 est]
1259 3405 1315 3463 erit

167 3494 225 3549 AM
237 3487 250 3572 Η
266 3500 313 3550 est
332 3503 362 3551 et
382 3513 448 3550 curn
468 3499 570 3549 auster
586 3501 696 3551 uentus
712 3493 831 3550 flauerit
849 3500 952 3550 aestus
970 3493 1026 3549 erit
1048 3493 1147 3549 AGDG
1167 3494 1225 3547 nisi
1240 3493 1317 3563 quod

167 3581 191 3634 Α
208 3585 309 3635 nestas
325 3579 375 3635 AG
388 3578 490 3635 sutma
505 3575 562 3632 erit
579 3586 607 3633 et
619 3580 641 3635 G
653 3597 711 3650 pro
726 3585 829 3635 auster
840 3586 950 3634 uentus
962 3576 1080 3634 floruerit
1095 3577 1212 3632 exler'bet
1223 3594 1315 3633 arreu-

167 3672 215 3721 tns
233 3661 344 3739 pluerit
358 3656 371 3740 Η
387 3663 499 3719 oratius
520 3654 571 3739 ΒΗ
588 3667 696 3719 Aratus
713 3665 783 3719 dion.
805 3669 861 3719 755
878 3655 890 3740 Η
907 3659 1122 3738 aquiloniolnm
1136 3655 1172 3716 ΒΙ
1190 3653 1203 3739 Η
1219 3671 1235 3721 5
1250 3679 1314 3717 cnr-

167 3766 237 3804 num
251 3742 380 3802 AB'DM
393 3740 406 3823 Η
422 3746 494 3803 luna
510 3745 532 3801 G
553 3739 566 3823 Η
588 3746 660 3804 fitA
684 3755 730 3804 ost
747 3749 768 3804 G
790 3741 803 3840 Η
823 3745 992 3823 porrectius
1012 3745 1105 3802 Sciant.
1122 3748 1220 3801 Germ.
1238 3747 1257 3801 l.
1274 3763 1316 3802 c..-

168 3832 333 3888 corrcetius
355 3832 507 3887 ABCDEG
529 3831 700 3889 correccius
715 3832 749 3888 M
762 3824 774 3908 Η
791 3829 939 3887 rnrnenire
958 3831 981 3886 G
1002 3822 1015 3908 Η
1037 3829 1108 3886 item
1120 3827 1316 3886 -inrninere

167 3935 220 3973 (rm.
237 3917 264 3971 B
284 3907 297 3992 Η
318 3921 335 3976 6
354 3932 467 3971 cornua
487 3916 510 3970 G
529 3906 542 3990 Η
562 3914 687 3974 australi
705 3920 727 3972 G
749 3909 762 3992 Η
783 3915 851 3972 fitA
873 3909 886 3992 Η
907 3914 1072 3971 correctius
1087 3914 1134 3969 (ΙΙ)
1148 3908 1162 3990 Η
1177 3920 1194 3974 'l
1209 3913 1315 3971 ee‘tris-

168 4001 244 4057 sirun
259 4000 293 4054 M
302 3997 487 4056 certissimus
499 3999 526 4054 Β
546 3999 558 4075 Η
581 3998 688 4056 abetnr
708 3996 745 4054 Β1
762 3994 775 4079 Η
791 3997 870 4057 unde
887 4007 918 4056 et
933 3996 1071 4073 nirgilins
1087 3998 1159 4054 siin
1175 4009 1246 4056 ortu
1261 4015 1315 4054 sno

168 4081 211 4140 snl
226 4081 397 4140 maculosus
412 4087 437 4139 A
448 4086 564 4140 reliceris
579 4088 689 4141 omissis
703 4079 716 4162 Η
732 4094 843 4159 Suerg.
856 4085 912 4140 DE
925 4079 938 4162 Η
961 4084 1043 4156 Vere.
1057 4099 1153 4155 peorq.
1167 4084 1187 4139 1
1197 4087 1258 4139 432
1271 4075 1286 4160 ll
1300 4089 1317 4143 9

169 4169 215 4224 ¹sin
232 4170 254 4224 G
270 4165 338 4222 siin
360 4167 525 4224 ABCDEM
542 4161 554 4247 Η
578 4177 644 4225 ortu
663 4169 754 4226 suerit
773 4177 912 4247 quartum
927 4166 966 4224 nri
981 4170 1007 4223 Β
1029 4161 1042 4246 Η
1065 4169 1213 4244 quartuG
1234 4160 1247 4246 Η
1270 4165 1316 4223 his

173 4252 257 4307 BMM
272 4251 317 4307 ins
335 4253 356 4306 G
371 4244 385 4327 Η
401 4259 506 4338 unctor
523 4262 568 4310 est
585 4248 632 4331 (ΓΗ
651 4263 682 4314 10
697 4252 776 4310 idem
800 4272 853 4310 ont.
873 4255 894 4310 G
911 4248 923 4332 Η
940 4270 1024 4326 nerg.
1040 4252 1067 4306 Β
1082 4243 1095 4330 Η
1117 4250 1201 4324 l'erp.
1219 4269 1316 4324 peorq.

172 4397 189 4448 1
208 4392 267 4442 rr!
281 4404 324 4458 sq.
342 4379 355 4465 Η
369 4383 416 4442 sol
428 4342 475 4443 sil
494 4388 526 4444 M
540 4381 553 4467 Η
568 4405 622 4444 suo
638 4386 684 4445 sol
699 4388 756 4444 AM
