2964 5002
167 352 226 414 140
459 341 465 358 '
539 371 581 412 nr.
605 370 691 412 vrsrs
716 369 930 413 rnnvsransvs

164 519 268 604 ipsius
294 526 411 603 poetae
438 517 526 602 apud
552 537 625 581 eum
651 517 876 581 inuenirentur
902 512 1078 595 adnotans,
1119 539 1206 582 nune
1235 542 1307 605 pro·

164 620 253 706 prias
274 614 380 705 ipsius
399 619 533 703 figuras,
556 618 718 682 interdum
735 623 774 682 ea
793 620 961 706 inquibus
980 622 1131 706 copiosus
1153 624 1215 701 est,
1240 642 1308 684 rur-

165 743 220 784 sus
243 742 326 806 quae
347 720 455 784 'semel
481 719 569 805 apud
598 742 672 783 eum
699 730 907 807 ponerentur.
950 721 1100 786 similitor
1124 723 1157 785 in
1186 723 1307 786 nostris

164 821 354 886 auctoribus
375 821 513 886 Probus.

252 931 287 1002 >⁹
304 922 392 1008 diple
402 923 654 1008 periestigmene
663 921 896 1009 apponebatur,
910 944 992 1008 quae
1004 909 1306 1010 ZenodotusEphe·

166 1025 233 1088 sius
251 1047 315 1089 non
331 1033 419 1088 reete
435 1023 602 1087 adiecerat
617 1032 673 1086 aut
693 1023 882 1099 detraxerat¹
893 1033 949 1088 aut
963 1033 1216 1110 permutauerat.
1236 1025 1257 1101 †
1273 1025 1328 1088 ins

164 1127 214 1191 his
235 1137 268 1191 et
289 1127 391 1190 nostri
416 1147 455 1188 ea
472 1125 524 1188 usi
547 1133 633 1188 sunt.
1176 1131 1181 1134 ’
1307 1128 1314 1140 ”

251 1227 462 1311 3antisigma
483 1224 665 1312 ponebatur
690 1225 733 1289 ad
760 1247 816 1290 eos
839 1247 954 1290 uersus
970 1248 1108 1312 quorum
1131 1226 1211 1291 ordo
1235 1249 1308 1312 per·

164 1327 339 1394 mutandus
362 1335 442 1394 erat.
485 1328 534 1391 sie
556 1329 643 1390 etin
665 1327 786 1390 nostris
807 1326 996 1392 auctoribus
1019 1328 1195 1392 inuenitur.

250 1440 269 1513 5
294 1429 469 1513 antisigma
490 1449 564 1491 eum
583 1436 704 1513 puncto
720 1427 911 1513 ponebatur,
934 1449 1008 1491 eum
1025 1427 1173 1492 eiusdem
1191 1446 1340 1493 sensusro

165 1552 279 1596 uersus
295 1529 444 1616 duplices
464 1538 574 1593 essent
594 1537 626 1592 et
640 1526 854 1610 dubitaretur,
877 1531 933 1616 qui
951 1530 1061 1615 potius
1080 1529 1222 1614 legendi.
1260 1531 1307 1595 sie

165 1639 199 1695 et
220 1629 308 1716 apud
330 1637 469 1694 nostros.
676 1710 681 1717 .

246 1718 421 1795 [coronis
441 1737 568 1792 tantum
591 1731 625 1794 in
647 1730 711 1794 fine
732 1729 810 1794 libri
832 1732 939 1817 posite
960 1730 1138 1794 inuenitur.

260 1847 288 1913 ea
302 1831 490 1896 ceraunium
510 1829 656 1915 ponitur,
673 1833 824 1918 quotiens
839 1830 932 1895 multi
951 1852 1066 1894 uersus
1080 1831 1305 1918 inprobantur,

165 1929 659 2020 mmmwfflwfflmm
1316 1946 1339 1987 u

255 2044 293 2106 ε
311 2053 427 2096 auersa
456 2031 656 2104 obelismene
684 2035 718 2096 in
746 2056 802 2098 ore
823 2034 970 2119 ponitur,
1000 2054 1083 2119 quae
1109 2033 1151 2096 ad
1181 2032 1306 2120 aliquid

163 2134 344 2220 respiciunt
366 2140 401 2195 ut
421 2139 535 2196 ‘nosne
552 2132 615 2198 tibi
636 2124 746 2198 fluxas
763 2133 952 2220 Phrygiae’.

249 2266 283 2291 x-
302 2232 416 2298 obelus
447 2255 519 2296 enm
548 2244 669 2320 puncto
697 2234 739 2298 ad
765 2256 804 2298 ea
823 2233 874 2298 de
903 2232 1022 2321 quibus
1043 2233 1214 2298 dubitatur
1236 2233 1307 2299 tolli

164 2335 306 2400 debeant
324 2356 438 2398 necne.

251 2450 333 2511 >-
351 2434 440 2521 diple
457 2434 655 2501 obelismene
670 2435 711 2499 ad
730 2434 930 2522 ‘separandas
948 2439 983 2501 in
997 2435 1174 2501 comoediis
1191 2445 1224 2498 et
1241 2432 1353 2501 tra-so

163 2538 289 2623 goediis
312 2535 471 2624 periodos.

249 2649 330 2712 -<
357 2658 474 2700 auersa
493 2636 708 2719 obelismene,
732 2640 881 2724 quotiens
905 2637 1036 2723 strophe
1057 2638 1129 2723 (et)
1153 2641 1306 2702 antistro-

166 2741 246 2827 plros
268 2738 418 2803 infertur.

249 2843 291 2920 5
315 2839 402 2924 diple
433 2861 572 2924 superne
602 2838 731 2902 obelata
754 2843 887 2925 ponitur
909 2838 950 2903 ad
973 2839 1196 2904 condicionem
1221 2841 1306 2906 loeo·

165 2964 235 3007 rum
255 2939 308 3004 uel
331 2961 543 3025 personarum
564 2939 617 3004 uel
638 2949 818 3025 temporum
837 2949 1003 3005 mutatam.
1315 2958 1341 2998 2⁶

253 3049 293 3125 5
310 3044 353 3118 Z
366 3050 456 3104 reeta
478 3050 509 3104 et
531 3062 649 3105 auersa
669 3063 809 3128 superne
833 3041 981 3105 obolatas
1001 3051 1168 3127 ponuntur
1187 3044 1207 3120 i
1233 3066 1306 3106 eum

167 3142 280 3206 eadem
303 3140 490 3227 significant
513 3141 717 3227 similemque
740 3151 927 3229 sequentem
951 3164 1032 3206 esse.

165 3282 318 3345 terponitur
337 3279 372 3329 ed
389 3280 559 3344 separandas
578 3281 606 3328 in
626 3280 776 3331 comoediis
794 3281 839 3331 uel
858 3281 1010 3345 tragoediis
1028 3282 1164 3346 periodos.
1201 3282 1309 3333 Auersa

166 3348 334 3398 onelismeno
354 3348 481 3410 quotiens
499 3348 609 3412 strophe
630 3354 658 3397 et
671 3349 858 3414 antistrophns
872 3349 997 3399 infertur.
1029 3350 1134 3398 Auersa
1152 3365 1213 3398 enm
1227 3350 1308 3400 obelo

166 3417 200 3465 ad
220 3432 253 3464 ea
271 3417 380 3479 ponitur
398 3431 468 3478 qnae
489 3415 523 3464 ad
541 3415 646 3480 aliquid
665 3417 818 3481 respiciunt
836 3422 866 3465 ut
884 3417 984 3466 ‘Nosne
999 3416 1051 3465 tibi
1070 3418 1155 3466 lluxas
1168 3417 1307 3482 Phrygiae

165 3500 209 3533 res
227 3489 335 3532 uertere
355 3483 439 3530 fundo
452 3484 606 3532 Conamnr‘l
624 3486 691 3532 nos?
710 3499 746 3533 an
758 3486 872 3534 miseros
892 3485 937 3548 qni
950 3485 1037 3533 Troas
1050 3485 1164 3534 Achiuis
1177 3484 1308 3534 Obieeit'?

165 3550 247 3615 lliple
270 3565 385 3614 superne
411 3549 523 3599 obelata
546 3552 657 3615 ponitur
681 3551 715 3600 ad
739 3552 912 3602 conditiones
940 3551 1061 3600 locorum
1087 3568 1120 3600 ae
1144 3558 1306 3616 temporum.

165 3619 254 3667 Recta
274 3624 301 3666 et
320 3633 418 3666 auersa
436 3633 553 3683 superne
572 3618 685 3668 obelata
703 3620 813 3683 ponitur
832 3620 911 3668 finita
928 3619 990 3668 loeo
1009 3635 1057 3668 suo
1076 3619 1201 3681 monade,
1221 3622 1307 3684 signi·

166 3686 285 3749 fientque
304 3684 421 3734 similem
440 3691 599 3748 sequentem
618 3702 723 3751 quoque
747 3703 818 3736 esse.
855 3687 1020 3736 Ceraunium
1044 3688 1155 3751 ponitur
1179 3688 1308 3750 quotiens

165 3753 244 3802 multi
261 3769 357 3803 uersus
376 3753 558 3816 inprobantur
580 3771 632 3803 nee
656 3771 705 3818 per
723 3754 846 3817 singulos
864 3754 1019 3804 obelantur.
1056 3755 1215 3803 eeranninrn
1235 3757 1308 3805 enirn

166 3821 270 3870 fulmen
294 3820 404 3869 dieitur.
442 3819 594 3883 (ebletro).
623 3817 792 3870 Clrresimon.
824 3823 894 3871 haee
919 3823 979 3871 sola
1002 3840 1035 3872 ex
1058 3822 1201 3871 uoluntate
1227 3825 1307 3871 nnius

143 3891 297 3955 ¹cuiusque
317 3888 351 3936 ad
371 3887 482 3951 aliquod
501 3888 650 3937 notandum
669 3890 788 3953 ponitur.
825 3889 1203 3954 l’lriotroirlestplrrontis.
1236 3891 1307 3940 llaec

251 4017 406 4072 latentem
419 4011 538 4080 scripsi:
557 4013 692 4067 autemP
704 4005 718 4091 ll
736 4018 767 4072 16
779 4006 886 4088 nosne]
908 4010 989 4083 Vere.
1005 4014 1071 4067 Aen.
1085 4015 1117 4069 X
1129 4016 1167 4068 88
1183 4004 1196 4089 ll
1212 4031 1308 4069 nosne

166 4096 219 4155 tibi
233 4097 329 4154 fluxas
343 4093 496 4171 Phrygiae
514 4097 621 4165 scripsi
634 4112 649 4148 o
669 4097 751 4168 Verp.
768 4100 785 4151 l.
803 4115 846 4152 e:
863 4115 929 4153 nos.
943 4102 982 4153 te.
999 4093 1061 4152 tibi.
1073 4096 1171 4153 fluxas
1186 4096 1308 4174 frygiae

166 4185 193 4238 P
205 4176 218 4260 ll
238 4187 268 4241 19
287 4180 382 4237 strole
397 4182 423 4236 P
437 4172 449 4257 Η
481 4184 511 4235 ot
532 4181 630 4236 (rddidi
643 4174 656 4259 ΙΙ
673 4181 848 4238 antistrofos
863 4183 889 4235 P
902 4173 914 4259 Η
931 4189 964 4240 25
980 4170 1046 4237 c'um
1066 4179 1174 4238 eadem
1193 4180 1307 4258 signifi·

166 4275 237 4347 oaqt
254 4264 442 4343 similemque
460 4272 640 4342 sequentem
655 4273 795 4336 corrupto
812 4274 886 4322 sunt.
904 4266 943 4338 cs.
962 4267 1093 4322 Isidorus
1110 4269 1181 4324 le:
1211 4265 1309 4323 ‘finita

164 4349 232 4406 loeo
250 4368 304 4408 suo
320 4349 450 4410 monade
466 4349 678 4428 significatque
690 4348 819 4408 similem
829 4357 1007 4428 sequentem
1025 4368 1146 4429 quoque
1162 4351 1252 4409 esse?
1318 4422 1322 4427 ⁴
