2964 5002
165 359 226 420 324
442 368 638 410 συντοοετιτ
662 367 827 408 μευτοαυυ
851 359 1028 416 mamm

164 507 370 599 κνβευτικήν
399 506 538 578 παιδιάν
562 510 706 596 παράγει
738 510 960 594 Σοφοκλέους
984 506 1046 593 μὲν
1083 509 1121 574 ἐκ
1146 514 1318 595 Παλάμη-

165 618 263 697 δους,
287 607 471 698 ὁμωνύμου
494 615 540 702 τῷ
561 605 646 696 ήρωι
668 611 852 696 δράματος,
876 608 930 675 τό·
973 610 1100 688 ἐκεῖνος
1125 610 1251 695 ἐφεῦρε

317 709 463 790 πεσσούς
485 710 612 797 κύβους
633 735 685 795 τε,
709 707 857 796 τερπνὸν
878 705 997 796 άργίας
1018 705 1114 789 άτιος·

164 815 220 884 καὶ
247 816 471 901 Εὐφορίωνος
500 810 555 880 τό·
600 806 709 878 πεσσά
730 808 968 892 Ναυπλιάδαο.
1009 811 1100 896 λέγει
1126 809 1163 878 δὲ
1190 811 1247 878 καὶ
1278 811 1318 878 έν

164 918 226 1004 μέν
248 913 331 1007 Ἰλίῳ
353 917 554 982 δείκνυσθαι
576 919 678 979 λίθον
699 907 754 998 ἐφ’
778 899 821 978 ού
845 913 1031 979 έκέσσευον
1052 915 1088 978 οἱ
1104 905 1248 997 Ἀχαιοί,
1279 913 1340 980 ε’νε

165 1018 202 1086 δὲ
215 1014 329 1103 ’Ἀργει
351 1010 411 1083 τδν
434 1011 618 1100 λεγόμενον
638 1011 867 1099 Παλαμήδους
889 1010 1025 1081 πεσσόν.
1067 1013 1124 1080 καλ
1144 1007 1196 1080 ὅτι
1217 1010 1318 1081 Πλά·

164 1144 234 1187 των
252 1113 314 1204 τήν
335 1120 404 1183 τῶν
427 1118 561 1183 πεσσῶν
584 1110 719 1201 εὕρεσιν
733 1119 932 1199 Αἰγυπτίοις
953 1109 1157 1201 ἀνατίθησιν
1172 1120 1211 1181 έν
1226 1119 1317 1181 Φαί-

165 1224 234 1310 δρῳ
270 1218 379 1304 λέγων
409 1211 533 1295 αύτούς
567 1219 701 1299 πρῶτον
735 1209 885 1302 άριθμδν
919 1215 975 1284 καί
1007 1212 1171 1302 λογισμὸν
1200 1210 1317 1300 εὑρεῖν

166 1322 221 1389 καί
241 1324 448 1407 γεωμετρίαν
471 1317 527 1385 καὶ
541 1312 786 1404 ἀστρονομίαν,
809 1323 857 1384 ἔτι
880 1315 917 1385 δὲ
935 1322 1091 1384 πεττείαν
1114 1343 1150 1384 τε
1172 1317 1229 1385 καί
1249 1342 1317 1384 τιυ-

165 1429 279 1510 βείαν,
301 1420 356 1488 καί
376 1419 417 1506 δή
439 1416 625 1505 γράμματα.
669 1416 725 1486 καὶ
747 1414 798 1484 ὅτι
821 1420 857 1484 οἰ
874 1419 936 1485 τού
949 1415 1136 1496 Πλάτωνος
1156 1413 1350 1506 ύττομνη-ιο

166 1520 320 1611 ματιστυί
341 1517 384 1588 ού
399 1516 462 1607 τήν
481 1515 560 1604 παρ’
574 1515 712 1606 Ἕλλησι
730 1522 887 1585 πεττείαν
902 1521 1122 1606 σημανθήναί
1140 1539 1226 1605 φασι
1246 1514 1316 1587 ύπδ

147 1623 367 1705 Πλάτωνος,
391 1616 477 1688 άλλά
497 1617 560 1707 τήν
575 1623 637 1687 τοῦ
657 1622 843 1707 λεγομένου
863 1625 1120 1708 πεττευτηρίου·
1144 1618 1316 1709 καταγρά-

166 1732 295 1812 φεσθαι
317 1720 381 1809 γάρ
404 1744 435 1788 τι
457 1727 620 1788 πλινθίον
640 1715 752 1807 ὥσπερ
773 1722 811 1788 έν
831 1724 879 1812 τῇ
893 1723 1089 1812 πεττευτική
1108 1727 1243 1813 παιδιᾷ,
1268 1720 1314 1791 δι’

166 1815 211 1894 ού
238 1820 279 1892 τά
308 1819 474 1910 κινήματα
500 1823 564 1888 τού
589 1815 689 1908 ήλίον
716 1821 772 1888 καί
795 1823 852 1909 τής
872 1822 1032 1915 σελήνης,
1061 1827 1110 1891 ἔτι
1132 1821 1169 1892 δὲ
1194 1825 1252 1893 καί
1274 1806 1315 1893 τά

165 1920 355 1994 έλλειπτικά
382 1919 677 2009 πραγματεύονται
705 1925 740 1988 οἰ
763 1924 953 2010 Αἰγύπτιοι.
1009 1923 1065 1991 καὶ
1092 1920 1144 1992 ὅτι
1167 1926 1349 2014 έχροῑντοιτ

167 2031 201 2095 οί
228 2025 365 2094 παλαιοὶ
390 2023 477 2109 τρισὶ
504 2023 623 2109 κύβοις
652 2022 709 2090 καί
732 2017 794 2109 οὐχ
816 2017 929 2110 ὥσπερ
951 2026 987 2092 ot
1003 2026 1070 2092 νῦν
1090 2029 1175 2094 δυσί
1180 2053 1188 2067 ·
1230 2022 1315 2097 ὅθεν

167 2129 222 2196 καλ
249 2131 410 2214 παροιμία
435 2125 489 2192 έπλ
516 2127 585 2192 τάν
608 2123 715 2212 μηδὲν
743 2121 799 2192 διά
824 2127 932 2212 μέσου
953 2126 1232 2196 κινδυνευόντων
1257 2127 1315 2198 τό·

165 2223 278 2317 ήτρὶς
301 2223 336 2308 ἓξ
357 2220 377 2312 ή
401 2240 489 2312 τρεῖς
511 2223 654 2313 κύβους,
684 2220 751 2294 άπὸ
771 2229 833 2295 τού
861 2232 1023 2314 μεγίστου
1052 2228 1108 2297 καί
1137 2231 1315 2316 ἐλαχίστου

166 2318 400 2419 άριθμού,,ής
424 2330 587 2416 μέμνηται
611 2325 759 2395 Πλάτων
787 2329 826 2395 έν
859 2328 977 2416 νόμοις
1004 2327 1122 2397 εἰπάν·
1172 2323 1194 2418 ἦ
1228 2345 1317 2419 τρεῖς

167 2433 294 2518 κύβους
315 2429 513 2517 βάλλοντες,
536 2429 689 2496 τουτέστι
706 2443 794 2516 τρεῖς
812 2429 973 2517 μονάδας.
1011 2430 1120 2517 κύβον
1141 2431 1208 2519 γάρ
1232 2454 1316 2519 φασι
1325 2465 1351 2505 τι

257 2641 266 2689 l
280 2657 309 2705 sq
331 2676 337 2688 .
350 2635 665 2688 Eustathius11.11³08:
679 2629 876 2704 Παλαμήδους
889 2617 1118 2706 έπινοησαμέυου
1130 2639 1255 2707 κυβείαν
1267 2639 1316 2695 καί

169 2708 303 2760 πεττείαν
313 2656 353 2757 ίΙίν
365 2697 436 2772 Ἰλίῳ
454 2701 495 2763 εἰς
507 2699 697 2786 παραμύθιον
708 2705 791 2772 λιμοῦ
806 2700 999 2772 κατασχόντος
1010 2702 1063 2775 τήν
1075 2703 1213 2772 στρατιάν
1231 2709 1316 2770 λίθος

170 2769 234 2828 ἐκεῖ
241 2768 404 2837 έδείκνυτο,
421 2767 503 2822 καθά
517 2772 654 2837 Πολεμων
667 2766 782 2836 λστορεί,
796 2765 846 2838 ἐφ’
863 2763 898 2824 σύ
911 2767 1078 2826 έπέσσευον.
1098 2775 1150 2842 τῆς
1169 2771 1202 2828 δί·
1222 2773 1316 2829 τοιαύ-

167 2860 217 2909 της
236 2835 365 2898 έπινοίας
383 2839 435 2891 τοῦ
453 2833 649 2919 Παλαμήδους
667 2837 715 2889 καί
733 2841 783 2906 τῆς
802 2834 939 2917 εύρέσεως
958 2838 990 2893 δέ
1006 2842 1057 2894 τοῦ
1073 2839 1188 2931 χρόνον,
1209 2835 1246 2909 ἣν
1267 2843 1315 2897 καλ

231 2904 237 2920 Ι

167 2904 259 2976 αύτην
282 2901 391 2967 ἐκεῖνος
415 2901 578 2972 έσοφίσατο,
596 2924 727 2974 μαρτυρα
745 2925 906 2974 παραγυυσι
925 2910 1073 2977 Σοφοκλή,
1090 2928 1121 2971 ος
1141 2905 1172 2962 έν
1191 2908 1316 2980 δράματι

169 2971 309 3043 ὁμωνύμω
332 2975 370 3040 τῷ
393 2970 494 3055 εύρετή
513 2969 678 3042 Παλαμήδη
703 2976 809 3055 φησίν·
836 2968 880 3027 Ού
903 2972 987 3043 λιμὸν
1009 2967 1093 3039 ούτος
1116 2972 1202 3032 τόνδ’
1219 2976 1315 3033 άπάσε

170 3042 222 3096 σύν
241 3031 302 3110 θεςδ
321 3039 423 3103 εἰπεῖν,
443 3060 547 3109 χρονου
565 3059 594 3095 τε
614 3043 764 3109 διατριβας
782 3038 950 3109 σοφωτάτας
969 3039 1073 3112 έφεύρε
1082 3049 1230 3132 φλοίσβου
1245 3044 1315 3117 μετά

168 3107 262 3178 κοπήν
285 3114 347 3163 καθ
367 3111 453 3179 μένος
476 3106 597 3170 κεσσούς
619 3105 725 3194 κύβους
748 3129 777 3163 τε
800 3108 924 3177 τερπνὸν
947 3104 1051 3179 α’ργίας
1074 3132 1163 3179 ακσς;
1191 3110 1315 3183 έμοιρτύ·

168 3197 239 3245 ρουν
263 3174 294 3231 δέ
317 3130 366 3230 καί
387 3171 516 3245 Ἀργεῖοι,
541 3169 611 3243 παρ’
634 3196 678 3238 οις
701 3170 752 3247 ήν,
778 3196 880 3244 φασιν,
907 3173 923 3231 ὁ
946 3175 1096 3248 λεγόμενος
1118 3181 1317 3252 Παλαμήδους

170 3241 280 3327 πεσσὸρ.
316 3238 357 3299 ὅτι
377 3242 409 3299 δέ
427 3243 481 3327 τήν
499 3238 594 3298 αύτών
612 3239 724 3311 εὕρεσιν
742 3243 910 3313 Αἰγυπτίοις
933 3240 1126 3302 άνατιθέασιν
1150 3248 1243 3316 ἕτεροι
1268 3251 1316 3305 καὶ

171 3305 213 3367 ὅτι
232 3333 266 3365 ου
285 3310 420 3382 παικτική
439 3310 511 3366 αλλά
532 3308 689 3381 φιλόσοφος
707 3308 724 3383 ή
744 3310 923 3383 Αἰγυπτιακὴ
941 3319 1057 3369 πεττεία
1075 3313 1197 3384 λέγεται,
1217 3314 1250 3373 έν
1268 3312 1314 3372 άλ·

170 3385 229 3442 λοις
248 3383 394 3449 δηλοῦται.
431 3381 479 3434 καλ
498 3374 571 3435 οὕτω
589 3377 643 3448 μὲν
656 3379 810 3450 εἰρημένον
823 3379 892 3435 έστεο
910 3376 963 3436 ούκ
976 3377 1146 3446 άλυσιτελοδς
1159 3385 1210 3439 καλ
1224 3390 1315 3440 τοῦτο,

170 3452 390 3516 Etymologicum
414 3469 555 3516 magnum:
580 3450 696 3516 Πεσσοί,
720 3446 804 3519 βύλια
821 3451 970 3519 κυβιστών.
1005 3449 1096 3506 πέσσα
1120 3447 1317 3523 ὀμωνύμωςή

170 3536 199 3570 τε
219 3512 335 3585 γραμμή
354 3515 403 3569 καί
422 3512 437 3570 ὁ
456 3519 564 3585 φήφος,
601 3516 687 3570 πέντε
707 3513 738 3569 δὲ
756 3507 831 3586 ήσαν
850 3516 895 3578 οἷς
914 3514 1050 3586 έχροῐντο·
1070 3519 1121 3573 καλ
1139 3519 1232 3575 πέσσα
1251 3542 1315 3577 πεν-

169 3581 332 3653 τάγραμμον
352 3584 402 3637 καί
420 3580 493 3652 τάχα
510 3579 528 3652 ή
548 3586 663 3637 πεττεία
676 3581 767 3637 οἷονεί
785 3588 903 3638 πεντεία
915 3605 957 3647 τις
970 3576 1052 3640 οὖσα.
1087 3578 1154 3654 εὗρε
1173 3586 1206 3642 δὲ
1225 3584 1317 3660 αύτήν

171 3650 359 3721 Παλαμήδης·
378 3652 427 3705 καί
440 3655 528 3720 δηλοῖ
541 3647 573 3705 τὸ
591 3646 756 3721 ἐπίγραμμα
775 3654 830 3706 τοῖν
849 3650 887 3718 λζ’
899 3650 970 3720 πρὸς
987 3650 1054 3716 τούς
1064 3652 1170 3719 τόπους
1188 3648 1241 3741 οὓς
1260 3657 1317 3743 έηει

171 3717 202 3774 τὸ
221 3716 430 3789 Παλαμήδειον
447 3713 580 3802 α’βάιιιον.
617 3717 674 3772 ἔστι
693 3718 777 3788 πέτω,
797 3717 813 3774 ὃ
829 3723 963 3790 σημαίνει
975 3718 1007 3775 τδ
1020 3727 1199 3778 καταπίπτει·
1219 3744 1235 3779 ο
1252 3731 1313 3795 μελ

171 3791 241 3853 λων,
264 3786 352 3841 πέσω
378 3783 408 3852 ἐξ
432 3789 523 3842 αυτοῦ
547 3783 638 3856 ὄνομα
663 3784 766 3848 πεσσὸς
789 3784 804 3842 δ
828 3792 941 3842 πίπτων
960 3783 992 3842 έν
1009 3793 1048 3859 τῷ
1066 3789 1242 3859 βάλλεσθαι·
1268 3792 1316 3847 καί

171 3857 264 3922 τροπή
281 3852 394 3915 πεττός·
419 3855 469 3908 καί
487 3850 635 3909 πεττεύειν
652 3851 684 3908 τὸ
702 3853 888 3937 μεταφέρειν·
912 3851 970 3910 α’πό
988 3860 1044 3911 τῶν
1062 3862 1173 3912 πεττῶν
1190 3860 1317 3915 τουτέστι

170 3925 226 3973 τῶν
244 3918 347 3990 κύβων.
384 3919 532 3976 πεττεύειν
554 3920 586 3975 δὲ
610 3922 658 3975 καί
682 3942 714 3977 το
737 3926 895 3992 ταβλίζειν·
920 3926 1031 3992 γίνεται
1050 3923 1083 3978 δὲ
1100 3919 1161 3980 σι’πὸ
1181 3931 1235 3982 τού
1252 3948 1317 3983 πετ-

171 3987 218 4049 τὸς
237 3986 375 4041 πεττεύω·
401 3992 487 4058 δηλοῖ
506 3988 539 4043 δὲ
556 3987 587 4043 τὸ
606 3991 795 4058 μετατιθέναι
813 3991 863 4048 καλ
881 3994 1002 4056 παίζειν.
1039 3987 1086 4046 έπί
1105 3990 1138 4046 δέ
1157 3997 1214 4047 τῶν
1233 3994 1317 4050 πέντε

171 4058 309 4124 γραμμῶν
327 4052 377 4116 τάς
395 4056 514 4126 ψήφους
534 4052 664 4112 ἐτίθουν·
684 4049 724 4111 ὦν
747 4055 765 4129 ή
789 4058 861 4129 μέση
885 4057 999 4129 γραμμή
1018 4057 1083 4128 ίερά
1103 4057 1245 4118 ἐκαλεῖτο.

259 4207 267 4256 1
289 4189 504 4276 Παλαμήδους]
523 4205 582 4256 435
599 4201 711 4257 Nauck.
727 4195 741 4282 ss
755 4190 984 4279 λΕύφορίωυος]
998 4202 1122 4259 Μείιιείε.
1139 4208 1221 4267 anal.
1233 4209 1316 4263 Alex.

168 4302 201 4355 p.
222 4277 332 4363 132117
351 4279 485 4361 Φαίδρῳ]
509 4288 592 4341 274ιί
605 4278 618 4364 H
636 4295 668 4345 10
686 4282 717 4340 οἰ
732 4284 786 4342 τοῦ
807 4279 967 4355 Πλάτωνος
981 4277 1256 4367 ύπομνηματισταιΊ
1275 4292 1316 4365 cs.

171 4367 258 4422 schol.
279 4370 355 4426 Ρίαί.
374 4371 436 4441 lys.
455 4372 472 4424 ί.
492 4387 517 4426 c.
536 4362 549 4448 Η
566 4378 598 4430 19
615 4360 729 4447 νόμοις]
751 4371 818 4428 XII
831 4377 919 4428 Ob’Sc
