2964 5002
166 315 227 375 344
439 324 632 366 cursaoaru
656 323 821 364 sassones
846 321 1021 370 arrnrovrss.

164 474 293 538 muneri
316 473 417 556 origo.
460 470 517 534 sed
540 467 697 556 paulatim
720 469 866 555 prouecti
896 467 938 530 ad
959 477 1084 530 tantam
1107 470 1249 550 gratiam
1270 468 1312 532 sd

166 584 320 661 quantam
352 582 384 635 et
410 571 652 652 crudelitatem,
683 571 927 655 quiaierorum
953 568 1115 655 uoluptati
1142 571 1224 632 satis
1248 592 1313 633 non

79 670 80 674 ¹
167 676 284 755 tiebat,
321 675 384 736 nisi
414 683 446 735 et
476 672 553 734 feris
583 671 725 735 humana
752 692 889 756 corpora
917 669 1166 754 dissiparentur.
1213 680 1250 732 ut
1282 680 1314 732 ct

168 775 280 839 titulos
310 773 528 852 considerem,
565 771 641 835 lieet
670 773 836 835 transierit
866 771 927 835 hoc
954 794 1057 854 genus
1085 772 1240 835 editionis
1271 771 1313 834 ab

167 876 347 941 honoribus
370 884 569 937 mortuorum
585 873 627 936 ad
651 873 789 937 honoros
807 873 1005 954 uiuentium,
1029 880 1222 958 quaesturas
1240 873 1335 935 ‹lieos

168 987 201 1041 ct
223 972 432 1061 magistratus
457 982 489 1036 et
511 974 656 1037 flaminia
680 983 711 1037 et
735 973 931 1049 sacerdotia,
954 995 1027 1036 curn
1043 981 1151 1036 tamen
1172 975 1314 1036 nominis

168 1078 312 1162 dignitas
335 1075 539 1139 idololatriac
562 1077 697 1139 erimine
718 1082 882 1157 teneatur,
907 1097 1041 1138 neeesse
1063 1083 1127 1154 est,
1157 1074 1315 1160 quicquid

168 1179 338 1264 dignitatis
367 1177 498 1240 nomino
524 1176 771 1240 administratur
797 1176 1012 1240 eommunicet
1040 1177 1137 1238 etiarn
1155 1174 1315 1238 'maculas

169 1280 255 1359 eius,
276 1301 295 1341 a
316 1299 382 1366 qua
404 1277 503 1340 habet
524 1299 651 1341 causas.
697 1277 782 1340 idem
809 1277 850 1340 de
879 1278 1092 1364 apparatibus
1120 1278 1316 1363 interpreta-

168 1380 276 1444 bimur
303 1380 335 1442 in
364 1380 506 1466 ipsorum
535 1378 690 1443 honorum
715 1387 872 1462 suggestu
895 1377 1109 1464 deputandis,
1134 1376 1224 1463 quod
1241 1399 1352 1463 pur-ro

168 1502 271 1567 purae
293 1480 380 1565 quod
410 1480 517 1543 fasces
540 1481 626 1565 quod
653 1481 754 1543 uittae
782 1478 867 1565 quod
895 1500 1035 1558 coronae
1064 1477 1152 1564 qnod
1175 1478 1317 1564 deniquo

171 1583 340 1646 'contiones
368 1590 401 1643 et
424 1581 531 1644 edicta
558 1591 590 1644 et
617 1581 723 1667 pultes
750 1581 920 1666 pridianae
948 1582 1019 1642 sine
1045 1601 1165 1666 pompa
1193 1577 1317 1642 diaboli

171 1684 241 1745 sine
261 1682 455 1744 inuitatione
477 1682 669 1745 daemonum
694 1704 758 1744 non
779 1691 864 1744 sunta
899 1680 976 1766 quid
994 1701 1072 1765 ergo
1094 1679 1135 1743 de
1155 1679 1318 1744 horrende

170 1783 432 1866 loeopsrorcm,
460 1803 556 1866 quem
586 1805 644 1845 nee
666 1781 812 1866 periuria
840 1782 1012 1845 sustinent.
1055 1780 1207 1868 pluribus
1231 1782 1318 1844 enim

170 1892 204 1947 ot
224 1882 444 1968 asperioribus
467 1882 655 1945 numinibus
677 1883 948 1968 amphitheatrum
971 1889 1195 1962 consecratur,
1221 1903 1351 1968 quamn

173 1984 383 2068 Capitolium.
426 1984 569 2046 ommam
591 1984 785 2048 daemonum
809 1982 963 2068 templum
987 1993 1050 2047 cst:
1094 1991 1142 2045 tot
1165 1983 1235 2047 illic
1261 1986 1318 2046 im·

172 2122 275 2171 dictae.
311 2136 378 2170 sane
397 2137 455 2170 mos
474 2127 535 2171 erat
557 2123 585 2171 in
609 2120 763 2187 sepulchris
785 2123 904 2171 uirorum
928 2122 1038 2170 fortium
1056 2122 1184 2186 captiuos
1208 2122 1319 2182 rreeari3

173 2189 243 2254 quod
255 2194 399 2253 postquam
417 2189 527 2238 crudele.
546 2190 633 2238 uisum
652 2196 708 2249 est,
727 2189 832 2255 placuit
849 2188 1019 2254 gladiatores
1038 2195 1102 2238 ante
1118 2189 1267 2253 sepulchra
1280 2189 1318 2237 di·

172 2257 285 2318 micare,
309 2257 355 2321 qui
379 2272 396 2305 a
419 2257 507 2306 bustis
525 2257 661 2306 bustuarii
680 2257 747 2306 dicti
765 2256 847 2307 sunt'
866 2282 899 2291 —-
935 2257 1099 2305 Lactantius
1118 2258 1152 2304 I).
1173 2258 1195 2305 Ι.
1215 2257 1255 2305 Vi
1272 2255 1318 2304 20:

174 2325 219 2373 ‘Et
236 2325 362 2389 primitus
381 2324 488 2389 quidem
506 2326 683 2386 uenationes,
708 2341 779 2390 quac
802 2328 944 2374 uocantur
961 2340 1087 2385 rnunera,
1111 2324 1232 2373 Saturno
1257 2329 1321 2372 sunt

174 2393 332 2449 attributae,
351 2392 406 2441 ludi
427 2398 519 2440 autem
537 2393 641 2442 scenici
660 2393 774 2453 Libero,
795 2392 941 2441 Circenses
959 2408 1024 2442 uero
1036 2393 1174 2456 Neptuno.
1190 2431 1196 2443 .
1211 2428 1217 2441 .
1233 2429 1240 2441 .
1254 2407 1319 2456 pau·

173 2458 363 2509 latim'tamen
383 2465 411 2508 et
429 2461 529 2509 ceteris
548 2460 600 2509 diis
617 2461 688 2509 idern
707 2461 792 2509 lionos
811 2460 891 2509 triluri
906 2459 1006 2525 coepit,
1026 2459 1184 2524 singulique
1203 2459 1261 2508 ludi
1273 2475 1319 2508 no-

174 2527 292 2576 minibus
312 2543 403 2577 eornm
423 2529 577 2576 consecrati
597 2534 673 2585 sarrit,
693 2529 765 2575 sient
783 2527 894 2576 Sirrrrius
913 2527 1011 2592 Capito
1029 2528 1056 2575 in
1076 2525 1155 2575 libris
1174 2533 1319 2591 spectacu-

175 2596 260 2644 lorum
280 2595 380 2644 docet.’
417 2595 536 2657 isidorus
555 2597 643 2660 origg.
663 2596 753 2644 xvlll
773 2596 895 2643 ata-as:
916 2595 1163 2659 ‘hrrrphithoatrum
1182 2593 1260 2643 locus
1279 2600 1321 2642 est

175 2664 343 2728 spectaculi,
362 2663 408 2713 ubi
427 2668 551 2727 pugnant
569 2664 746 2727 gladiatores.
784 2670 812 2711 et
836 2663 899 2711 inde
922 2662 1001 2711 ludus
1020 2662 1201 2724 gladiatorius
1221 2662 1319 2716 dietus,

176 2731 246 2794 quod
266 2731 292 2778 in
312 2747 344 2778 reo
364 2732 476 2780 iuuenes
496 2745 571 2780 usum
591 2748 726 2779 annornm
745 2732 853 2778 diuerso
873 2737 946 2779 motu
965 2730 1126 2779 coruliseant
1140 2736 1168 2777 et
1181 2730 1261 2777 modo
1281 2731 1320 2776 in-

176 2804 218 2846 ter
231 2815 259 2845 se
279 2804 326 2845 aru
345 2797 445 2861 gladiis
469 2804 516 2846 rarat
535 2801 631 2862 pergitis
651 2804 790 2848 certantes
809 2799 887 2848 niodo
906 2804 1001 2846 contra
1020 2798 1124 2846 hostias
1148 2798 1320 2858 incedentes,

175 2866 222 2912 uhi
247 2881 300 2911 non
324 2866 385 2912 odio
403 2867 451 2914 sed
470 2868 591 2929 praemio
611 2867 697 2915 illecti
717 2868 836 2914 sarta-nna
855 2865 941 2915 ferale
961 2872 1111 2915 certarnen.
1132 2865 1321 2937 *amphithea-

176 2938 245 2980 trum
265 2932 376 2991 (listron,
402 2934 471 2995 quod
492 2950 524 2980 ex
543 2933 647 2982 rlrrohus
666 2934 781 2982 theatris
800 2936 836 2982 sit
856 2935 968 2982 factum.
1006 2948 1067 2980 nam
1088 2931 1322 2996 rtnrphitlreatrunr

176 2998 319 3047 rotundum
340 3005 391 3059 est,
411 3001 547 3049 theatrum
567 3017 631 3049 uero
658 3019 689 3049 ex
713 3003 801 3049 medio
826 3001 1030 3065 amphitheatro
1054 3001 1158 3047 tactum
1179 3006 1221 3048 est
1241 3001 1322 3047 semi·

177 3065 272 3114 circuli
298 3067 411 3128 liguram
435 3069 549 3116 trahens.
585 3085 688 3131 genera
707 3068 888 3131 gladiatorum
908 3068 995 3132 plura,
1016 3083 1128 3130 quorum
1146 3067 1263 3130 primum
1284 3066 1322 3114 lu-

177 3134 226 3181 dus
247 3136 420 3196 equestrium.
459 3136 510 3183 «luo
530 3135 600 3183 enim
622 3137 725 3199 equites
744 3136 976 3200 praecedentibus
995 3136 1069 3199 prius
1088 3135 1175 3199 signis
1195 3134 1322 3182 militari·

177 3201 237 3259 hus,
257 3215 325 3248 rrnrrs
345 3218 360 3250 a
380 3210 458 3266 panta
477 3203 589 3250 orientis
603 3204 674 3251 alter
693 3204 728 3250 ah
747 3204 907 3262 recinentis,
928 3203 1116 3267 procedehant
1136 3204 1163 3250 in
1185 3204 1263 3265 equis
1284 3202 1321 3250 al—

178 3268 220 3314 his
240 3283 299 3315 cunr
320 3271 410 3318 aureis
435 3270 523 3333 urticis
547 3271 696 3320 minoribns
720 3271 768 3318 sed
786 3270 970 3318 habilioribus
990 3270 1086 3328 armis,
1112 3271 1207 3332 sieque
1234 3271 1323 3318 atroci

178 3338 385 3398 perseuerantia
413 3355 461 3402 pro
490 3339 590 3386 uirtute
615 3354 664 3386 sua
694 3339 803 3387 inibant
825 3354 944 3402 pugnarn
973 3338 1151 3397 dimicantes,
1181 3353 1324 3400 (parciusque

178 3402 249 3450 alter
271 3403 297 3451 in
321 3406 435 3454 alterius
458 3413 569 3454 mortem
589 3406 742 3470 prosiliret,
762 3411 791 3453 ut
809 3406 925 3453 lraheret
943 3406 987 3468 qui
1007 3405 1119 3452 caderet
1136 3420 1245 3465 casum,
1266 3405 1324 3469 glo-

177 3471 245 3517 riam
271 3475 315 3534 qui
340 3475 493 3537 perimeret.
531 3488 600 3537 «parrae
621 3477 760 3522 arinatura
784 3474 926 3536 pugnabat
944 3474 1026 3521 hirrrti
1046 3471 1130 3521 ‹lirelli
1150 3488 1245 3520 carisa.
1285 3488 1325 3520 re·

177 3539 276 3587 tiarius
301 3541 335 3589 ab
360 3547 515 3590 armaturae
540 3558 640 3607 gcume
665 3541 691 3589 in
717 3541 883 3603 gladiatorio
907 3540 969 3588 ludo
994 3546 1090 3589 curura
1114 3539 1231 3587 alterum
1258 3556 1324 3603 pirg-

177 3611 288 3655 nantem
308 3609 413 3658 ‹er-nuc
434 3610 542 3658 ferebat
559 3614 631 3670 rete,
658 3608 728 3673 ‹prird
752 3607 871 3656 iaculum
891 3608 1060 3672 appellatur,
1087 3613 1115 3655 ut
1134 3607 1325 3655 aduersarium

178 3675 290 3737 cuspide
310 3678 500 3741 insequentem
520 3678 640 3742 operiret
657 3676 873 3741 implicitumque
893 3676 997 3723 uirilms
1016 3681 1169 3738 orrqreraret.
1196 3690 1266 3738 qrrae
1283 3691 1324 3722 ar-

178 3749 286 3791 matura
300 3746 440 3809 pngnahat
454 3746 579 3809 Neptuno
599 3745 725 3792 tridentis
745 3760 838 3791 carisa.
875 3749 984 3791 secutor
1002 3743 1036 3790 nh
1050 3743 1220 3805 insequendo
1241 3743 1325 3790 retia-

179 3811 247 3857 rium
267 3811 363 3860 dictus.
400 3812 530 3875 gestabat
553 3813 624 3859 enim
644 3811 830 3875 crispidemrt
849 3826 968 3858 rrrrtssarn
988 3810 1159 3874 plumbeam,
1186 3825 1256 3873 (parire
1277 3809 1324 3856 ad-

179 3880 293 3926 uersarii
313 3879 432 3927 iaculum
451 3880 605 3942 impediret,
625 3885 654 3926 ut
673 3885 819 3941 antequam
839 3878 885 3926 ille
906 3878 1001 3925 feriret
1015 3878 1065 3925 reti
1082 3879 1134 3925 iste
1149 3884 1325 3941 exasperaret.

179 3945 249 3994 haec
274 3953 412 3994 armatura
436 3951 547 3995 saerata
575 3952 634 3994 erat
652 3946 786 3994 Vulcano.
823 3947 895 4009 ignis
915 3946 985 3992 enim
1005 3961 1113 4009 semper
1132 3959 1233 4007 aquam
1254 3946 1324 3992 insen

180 4014 272 4075 quitur
296 4015 410 4076 ideoque
431 4029 490 4061 eum
516 4014 627 4062 retiario
647 4014 876 4077 ceruponehatur,
902 4014 966 4076 rpria
985 4013 1056 4077 ignis
1076 4017 1103 4059 et
1123 4027 1196 4075 aspira
1216 4028 1325 4075 serrrper

265 4159 281 4208 ‘2
301 4151 432 4207 ferorum
446 4153 566 4220 scripsi:
580 4150 711 4206 ferarum
724 4155 748 4206 A
765 4148 777 4180 '³
792 4151 957 4227 rroluptatis
971 4153 1016 4206 :lh
1031 4144 1044 4227 ll
1060 4157 1076 4208 t
1096 4147 1325 4206 consideremus
1349 4211 1351 4215 ,

182 4239 262 4307 errlpo
282 4231 295 4314 Η
316 4242 332 4294 a
351 4232 634 4310 interpuaelabimur
654 4241 700 4291 Λα
723 4232 736 4314 Η
762 4240 944 4312 lttpu1·ae.·l
965 4229 977 4313 li
1002 4246 1034 4294 Η
1053 4233 1120 4290 loeo
1137 4254 1193 4290 ont.
1213 4239 1236 4290 Α
1257 4233 1269 4312 li
1296 4244 1325 4293 ta

180 4319 352 4377 inuniuibns
368 4323 481 4417 Lipsius
497 4322 531 4375 dr
549 4323 760 4392 amphitheatro
778 4339 843 4392 cap.
863 4329 894 4375 Ji:
913 4318 1124 4377 nominihusA
