2964 5002
684 386 726 426 na
751 386 866 428 rosrrs
1222 372 1268 463 s
1305 370 1341 431 61

190 541 249 596 tur.
284 533 450 617 georgica
472 552 605 593 reuerso
623 541 696 617 post
710 530 881 595 Actiacam
897 534 1066 595 uictoriam
1083 536 1233 617 Auguste
1249 544 1345 622 atque

192 632 321 697 Atellae
348 631 608 719 reficiendarum
644 631 788 696 saucium
817 655 917 696 cansa
944 636 1156 696 commoranti
1185 657 1242 718 pcr
1271 659 1344 700 cen·

191 737 319 798 tinunm
344 731 561 818 quatriduum
587 731 681 815 legit,
706 736 904 820 suscipiente
932 734 1122 797 Maecenate
1145 737 1273 818 legendi
1298 740 1344 799 ui-

130 909 133 915 ·
193 858 262 898 cem
286 835 442 920 quotiens
474 832 737 923 interpellaretur
762 835 831 919 ipse
853 837 943 898 uocis
973 835 1163 916 offensione.
1205 859 1345 920 pronun·

121 1014 129 1026 ·
173 936 300 1000 stiabat
330 949 443 998 autern
479 956 553 997 eum
587 936 748 997 suauitate
783 945 850 998 tum
881 935 1051 1000 lenociniis
1083 938 1184 1000 miris.
1231 948 1263 1001 et
1289 936 1343 1000 Se-

193 1059 278 1100 neca
312 1036 470 1117 tradidit,
514 1034 634 1114 Inlinm
668 1035 859 1098 Montanum
893 1047 1021 1121 poetam
1058 1037 1188 1102 solitum
1227 1037 1344 1119 dicere,

195 1137 420 1201 inuolaturum
447 1159 483 1200 se
509 1135 655 1220 Vergilio
681 1137 840 1223 quaedam
872 1141 898 1202 si
927 1147 959 1199 et
981 1147 1225 1228 noeenrposset
1253 1148 1285 1200 et
1307 1161 1343 1202 os

195 1248 226 1301 et
253 1238 465 1327 hypocrisin:
506 1237 637 1302 eosdem
657 1239 743 1301 eninr
767 1260 882 1302 uersus
910 1240 981 1324 ipse
1003 1241 1234 1324 pronuntiante
1260 1240 1343 1304 bene

195 1361 337 1420 sonare,
360 1340 430 1403 sine
458 1339 516 1402 illo
542 1339 656 1403 inanes
682 1361 754 1402 esse
781 1349 962 1425 mutesque.
1013 1341 1178 1405 Aeneidos
1206 1341 1342 1405 uixdum

164 1452 334 1526 incoeptae
356 1449 449 1504 tanta
464 1441 583 1504 extitit
603 1439 707 1522 lania,
736 1448 773 1502 ut
796 1438 915 1504 Sextus
943 1441 1132 1526 Propertius
1150 1440 1226 1506 'neu
1251 1443 1344 1508 dnbi-

195 1543 317 1607 tauerit
338 1543 387 1606 sie
410 1541 617 1629 praedicare:

395 1643 502 1707 cedite
524 1643 661 1706 Romani
675 1644 879 1729 scriptores,
903 1642 1009 1706 cedite
1032 1643 1128 1708 Grai:

438 1737 549 1808 neseio
571 1742 649 1830 qnid
671 1745 776 1807 maius
798 1745 944 1808 nascitur
966 1743 1084 1826 Iliade,

197 1847 371 1930 Augustus
400 1866 496 1925 uero,
530 1866 605 1907 nam
636 1845 720 1908 sorte
751 1845 959 1933 expeditione
994 1847 1191 1912 Cantabrica
1219 1847 1344 1931 aberat,

169 1947 404 2033 issupplicibus
426 1956 524 2032 atque
547 1946 645 2008 etiam
668 1938 851 2010 minacibus
874 1969 931 2032 per
950 1949 1055 2010 iocum
1078 1948 1195 2014 litteris
1218 1949 1344 2033 efflagi-

183 2059 296 2130 taret,
319 2058 357 2112 ut
378 2048 441 2113 sibi
464 2046 505 2110 de
528 2047 691 2122 Aeneide,
724 2057 760 2111 nt
783 2049 885 2134 ipsius
913 2047 1016 2112 uerba
1044 2059 1135 2131 sunt,
1164 2051 1217 2114 uel
1239 2054 1344 2138 prima

198 2149 354 2212 carminis
376 2148 591 2236 hypographa
608 2148 661 2211 nel
680 2147 961 2235 quodlibetcolon
980 2152 1131 2215 mitteret.
1160 2153 1213 2216 cui
1236 2165 1344 2217 lernen

199 2249 298 2315 multo
324 2261 399 2339 post
427 2250 639 2337 perfectaque
669 2251 799 2314 demum
830 2253 967 2316 materia
997 2255 1221 2317 tresemnino
1243 2255 1342 2319 libros

199 2407 283 2456 retrix
302 2411 447 2456 cantasset
466 2405 495 2454 in
512 2403 629 2468 theatro,
651 2422 730 2471 qnam
750 2408 778 2457 in
797 2407 849 2455 fine
869 2397 1032 2472 Lycoridem
1050 2415 1145 2470 uocat,
1171 2411 1352 2474 stupefactus¹

200 2474 297 2523 Cicero
317 2476 395 2524 enine
409 2479 484 2524 esset
497 2473 649 2537 requireret
672 2480 778 2523 etcum
803 2491 864 2523 enm
888 2476 997 2524 tandem
1017 2477 1165 2540 aliquande
1184 2480 1344 2541 agnouisset

200 2542 301 2590 dixisse
321 2543 432 2591 dicatur
457 2546 486 2590 et
510 2541 543 2589 ad
562 2556 639 2589 stram
658 2551 686 2591 et
704 2543 779 2590 illius
798 2543 919 2591 laudem:
952 2545 1070 2607 Magnae
1096 2561 1159 2608 spes
1179 2546 1267 2593 altera
1289 2546 1342 2593 Ru·

179 2626 267 2661 mae.
306 2611 377 2672 quod
401 2612 455 2659 iste
480 2615 577 2672 postca
601 2609 634 2657 ad
659 2611 807 2658 Ascanium
832 2612 987 2672 transtulit,
1018 2614 1089 2660 sicut
1112 2620 1342 2661 commentatores

200 2676 365 2742 loqrmntnr.'
401 2679 439 2726 cs.
458 2677 573 2729 Tac-'aus
592 2676 657 2726 dial.
680 2676 719 2727 13.

282 2746 299 2792 5
334 2742 454 2808 Seneca]
492 2744 569 2792 Mace
589 2747 710 2794 narratio
730 2761 783 2794 non
802 2752 888 2794 extat.

227 2870 229 2875 Ι
286 2812 315 2861 ll
339 2829 397 2876 sqq.
435 2812 593 2861 Macrobius
617 2819 668 2862 sat.
699 2814 710 2860 1
735 2814 781 2874 2l,
816 2813 857 2861 ll:
902 2814 1004 2878 ‘ipsius
1034 2816 1105 2863 enim
1135 2816 1257 2864 Maronis
1285 2817 1343 2880 epi-

200 2881 279 2937 stola,
301 2897 353 2944 qna
373 2878 516 2944 conpellat
539 2881 702 2943 Angustum,
728 2882 767 2929 ita
791 2882 902 2945 incipit:
932 2883 990 2945 ligo
1014 2899 1077 2930 uero
1103 2885 1261 2947 frequentes
1280 2900 1296 2932 a
1316 2890 1342 2932 te

201 2948 307 2997 litteras
327 2948 448 3012 accipio,
469 2952 497 2994 et
515 2947 601 2995 inira:
638 2950 679 2996 lle
693 2951 788 2997 Aenea
807 2950 914 3013 quidem
929 2966 997 3003 mco.
1017 2952 1040 2997 si
1060 2950 1196 2998 mehercle
1216 2953 1269 3000 iam
1284 2953 1342 3016 dig·

202 3032 260 3064 nnm
281 3015 393 3064 auribus
412 3014 635 3075 haberemtuis,
660 3016 777 3065 libenter
796 3019 946 3065 mitterem:
972 3018 1020 3065 secl
1044 3024 1123 3065 tanta
1147 3018 1277 3067 inchoata
1301 3036 1343 3068 res

201 3091 249 3137 est.
269 3092 299 3132 nt
314 3099 401 3147 paene
416 3083 487 3130 uitia
500 3083 598 3130 mentis
611 3087 717 3132 tantum
737 3100 804 3147 opus
824 3085 963 3147 ingressus
982 3085 1046 3132 milri
1065 3086 1169 3144 uidear,
1191 3102 1250 3134 cnm
1264 3103 1343 3150 prae·

199 3152 293 3199 sertim
311 3159 341 3198 ut
358 3152 415 3199 scis
429 3150 485 3197 alia
504 3164 609 3212 qnoque
623 3151 713 3199 studia
733 3151 808 3199 adid
826 3167 893 3215 opus
912 3151 1049 3215 inultoqnc
1064 3155 1171 3216 potiora
1190 3153 1343 3217 inpertiar.'

286 3218 313 3267 li
325 3235 384 3282 sqq.
400 3217 512 3266 Servius
523 3219 590 3265 Aen.
605 3218 659 3266 llll
674 3217 736 3266 32⁴:
751 3219 869 3267 ‘llicitur
883 3225 972 3267 auteur
988 3222 1092 3280 urgenti
1107 3221 1207 3269 ati'ectu
1221 3222 1269 3270 bus
1283 3238 1342 3270 ucr-

200 3301 244 3334 sns
261 3288 470 3350 pronuntiasse,
495 3299 554 3332 cum
573 3286 701 3348 priuatim
720 3287 818 3349 paucis
841 3288 1033 3349 praesentibus
1057 3290 1188 3337 recitaret
1210 3291 1343 3354 Augusto.

200 3370 260 3403 nam
280 3355 410 3403 recitauit
431 3367 498 3401 rtoce
518 3353 621 3416 optima
639 3354 754 3418 primum
775 3362 802 3402 ct
820 3354 966 3417 quianam)

199 3552 304 3620 postea
315 3540 449 3600 Aeneidi
465 3540 530 3617 ipse
546 3542 671 3600 inseruit
685 3562 702 3610 ς
730 3551 736 3600 Ι
759 3538 841 3619 post]
859 3541 896 3599 ab
912 3564 928 3610 ς
942 3537 954 3622 Η
971 3543 1124 3601 Attiaeam
1145 3547 1170 3600 Β
1185 3538 1198 3625 Η
1215 3544 1344 3604 Actiaca

200 3629 325 3685 uictoria
347 3622 391 3705 ςΗ
408 3637 499 3704 atque
518 3645 570 3682 rim.
592 3631 616 3683 B
632 3622 644 3706 Η
661 3638 752 3704 atque
775 3626 1003 3684 reficiendarum
1024 3628 1132 3685 uirium
1148 3649 1241 3688 causa
1257 3630 1342 3687 Atel·
1382 3686 1386 3692 .

198 3710 245 3769 lae
268 3712 466 3769 commoranti
490 3709 531 3789 ςΗ
548 3722 563 3771 l
583 3714 727 3790 qrrctciens
744 3714 770 3767 Il
786 3708 798 3791 Η
815 3724 830 3772 ὁ
846 3721 946 3769 autem
960 3712 1091 3770 mamma
1109 3735 1175 3771 cunt
1192 3716 1342 3773 suauitate

199 3812 228 3853 et
247 3796 409 3855 lenociniis
432 3794 513 3851 miris
534 3793 577 3877 ςΗ
592 3808 653 3854 tum
670 3801 790 3868 scripsi:
814 3818 878 3853 cunr
900 3800 951 3853 BR
967 3792 979 3876 ΗΗ
996 3798 1122 3856 lenociis
1147 3802 1171 3855 R
1188 3795 1201 3880 ΗΗ
1218 3810 1246 3858 et
1271 3803 1344 3856 [lut

200 3884 224 3938 R
245 3903 298 3939 em.
325 3877 368 3960 ςΗ
383 3891 401 3941 8
417 3879 601 3956 hypocrisim
621 3880 662 3957 ςΗ
680 3904 715 3939 co
728 3884 940 3957 prommtiantc
962 3878 1004 3960 ςΗ
1021 3894 1036 3943 u
1053 3885 1118 3940 siue
1136 3884 1186 3940 illo
1204 3904 1343 3942 arescere

198 3967 285 4046 qnasi
308 3977 406 4023 mutes
428 3972 461 4031 ςί
489 3977 520 4025 lu
537 3965 679 4024 dubitarit
702 3966 745 4046 ςΗ
765 3977 793 4026 r.)
821 3967 906 4023 liraii
928 3970 974 4034 Βς
997 3963 1000 4043 Η
1021 3979 1050 4028 13
1067 3979 1131 4039 pest
1150 3969 1245 4026 iliade
1268 3989 1341 4024 cern-

197 4063 270 4110 mute
293 4047 486 4128 interpretari
519 4062 548 4110 ts
562 4048 645 4126 narn]
667 4071 732 4108 cunr
754 4054 811 4109 iam
836 4072 853 4119 ς
872 4053 974 4107 [latrici
998 4049 1139 4129 labesset
1158 4065 1186 4110 et
1207 4075 1225 4122 ς
1243 4056 1345 4109 lauria

197 4174 209 4209 ·.
228 4151 257 4200 15
281 4136 469 4210 efflagitaret
496 4138 568 4204 aas
589 4135 780 4210 efflagitabat
803 4141 830 4192 (⁷.
864 4140 904 4192 W,
929 4138 1084 4206 tllttllcrus,
1114 4144 1164 4209 qui
1183 4157 1238 4194 riou
1263 4141 1342 4194 intel·

195 4230 313 4281 lerr'ssct
329 4221 513 4295 el'tlagitarct
527 4225 653 4292 peredere
671 4243 687 4275 u
707 4233 790 4278 tanta
809 4222 907 4278 estitit
926 4222 1005 4279 saura
1023 4230 1055 4277 ut
1070 4218 1082 4298 Η
1103 4229 1129 4281 tt
1145 4221 1344 4298 lrypogrmrlra

192 4332 226 4377 g:
256 4309 432 4386 lrypogral'a
454 4308 479 4361 R
500 4306 709 4382 ltp‘pograpbia
732 4303 788 4384 ΒΗ
812 4305 944 4385 tptcrlibet
971 4308 996 4360 R
1013 4300 1025 4384 Η
1041 4307 1170 4361 mitteret
1195 4308 1252 4371 Bc.-
1279 4306 1342 4362 mit-

195 4408 311 4453 teretur
325 4394 350 4448 lc
366 4387 380 4472 Η
399 4392 545 4460 mitteret,
564 4391 686 4465 negauit
704 4411 736 4447 se
753 4391 902 4449 saulmum
915 4389 1069 4464 Virgilius.
1088 4390 1134 4446 cui
1153 4409 1170 4458 ς
