2964 5002
168 342 227 409 188
364 360 599 406 EVPPIAEIOEN'I'A
623 362 712 404 uisui
734 363 777 404 DE
800 361 887 404 ANNO
909 360 1113 405 ROMANORVN

168 516 309 567 abundare
324 528 423 564 anuum
436 513 553 564 diximus
566 529 658 564 eorum
672 518 714 563 est
727 513 995 578 permissusarbitrio
1008 514 1052 579 qui
1066 514 1314 579 iastispraecraut,

165 585 205 634 uti
219 600 279 634 cum
292 582 396 632 uellent
408 582 632 641 intercalaretur,
648 581 792 632 dummodo
805 597 865 630 eum
878 583 906 631 in
920 582 1010 632 medio
1022 581 1257 633 Ternriualiornm
1270 583 1314 633 nel

166 653 267 701 merrais
285 649 460 699 intercalaris
477 651 516 698 itu
533 650 665 709 locarent,
684 654 715 698 ut
732 665 748 698 a
761 656 888 714 suspecto
907 649 951 699 die
965 649 1157 700 celebritatem
1174 656 1315 701 auerteret

166 720 356 769 nuudiuarnrn.
370 723 452 782 atque
465 718 517 767 hoc
530 717 649 781 estquod
663 716 1060 781 quidamueterumretulenrut
1071 733 1125 767 nou
1139 718 1227 768 solum
1241 734 1313 768 men·

77 824 82 829 .
166 803 223 836 sem
238 786 309 851 apud
321 786 459 834 Romanos
470 800 565 834 uerum
578 786 662 834 etiam
674 785 746 834 diem
758 785 953 835 intercalarem
968 786 1061 835 irrisae.
1080 785 1123 833 ⁶20.
1143 785 1254 850 quaudo
1268 802 1313 835 an-

166 861 221 903 tem
234 854 349 919 primunr
361 853 555 902 intercalatum
568 853 614 913 sit,
627 853 704 901 uaric
716 852 844 913 refertur,
858 856 884 901 et
894 853 990 902 Macer
1002 853 1111 917 quidem
1119 854 1245 904 Licinius
1256 853 1313 904 eius

167 923 206 971 rei
220 921 354 985 originem
367 920 481 969 Romulo
494 919 629 985 adsignat.
644 919 741 969 Antias
753 919 823 968 libro
834 920 954 969 secundo
966 920 1081 971 Numam
1093 921 1258 987 Pompilium
1271 937 1313 971 sa·

167 1005 272 1039 crorum
285 1004 370 1037 eausa
382 988 410 1037 id
421 988 559 1037 inuenisse
571 987 721 1037 contendit.
734 987 958 1037 IuniusServium
964 987 1083 1037 Tullium
1097 990 1313 1054 regemprimum

165 1055 348 1106 intercalasse
362 1060 564 1116 commemorat,
578 1071 595 1104 a
608 1070 660 1119 quo
674 1060 703 1103 et
713 1055 850 1104 nundinas
864 1055 1005 1105 institutas
1015 1055 1132 1106 Varroni
1145 1055 1250 1122 placet.
1271 1056 1311 1106 21.

166 1124 321 1174 Tuditanus
334 1124 421 1173 refert
436 1122 508 1173 libro
520 1123 604 1172 tertio
619 1123 828 1186 magistratuum
841 1121 1028 1184 Decemuiroa,
1044 1124 1089 1187 qui
1102 1123 1199 1174 decem
1211 1124 1313 1175 tabulis

167 1192 235 1241 duae
249 1191 419 1251 addiderunt,
431 1190 466 1240 de
479 1189 670 1240 intercalando
683 1189 811 1254 populum
823 1205 951 1254 rogasse:
965 1190 1079 1241 Cassius
1093 1191 1204 1242 eosdem
1217 1192 1314 1242 scribit

168 1266 309 1308 erectores:
321 1257 436 1308 Fuluius
450 1262 541 1308 arrtem
555 1258 581 1306 id
594 1258 685 1322 egisse
698 1255 745 1306 Μ’.
758 1256 876 1306 Acilium
889 1257 1028 1307 consulem
1037 1258 1107 1308 dicit
1119 1259 1155 1310 ab
1168 1259 1237 1310 urbe
1251 1276 1312 1309 con-

167 1326 226 1376 dita
240 1339 311 1375 anno
321 1325 541 1389 quingentesimo
552 1324 724 1389 sexagesimo
734 1324 864 1385 secundo,
878 1324 947 1375 inito
960 1341 1020 1375 mox
1031 1325 1104 1376 bello
1114 1326 1251 1378 Aetolico.
1266 1327 1313 1377 sed

166 1395 219 1443 boc
232 1394 323 1458 arguit
331 1394 418 1443 Varro
431 1392 576 1443 scribendo
587 1391 904 1457 antiquissimanlegem
917 1393 1002 1443 fuisso
1015 1393 1132 1443 incisam
1144 1394 1174 1443 in
1187 1394 1314 1445 columna

168 1477 252 1512 aerea
265 1478 282 1511 a
294 1461 327 1512 1..
340 1461 452 1512 Pinario
466 1465 494 1509 et
505 1460 588 1510 Furio
600 1458 772 1519 consulibus,
790 1460 834 1510 cui
845 1461 948 1511 mentio
964 1460 1140 1511 intercalaris
1158 1462 1312 1513 ascribitur.

167 1529 237 1579 haec
250 1529 283 1578 de
296 1528 481 1578 intercalandi
493 1528 629 1593 principio
642 1524 814 1577 satis'relata
826 1532 896 1576 sunt.
921 1528 1008 1577 XIIII.
1027 1529 1127 1578 Verum
1141 1529 1195 1580 fuit
1207 1534 1313 1596 tempus

168 1612 228 1646 cum
245 1601 358 1662 propter
374 1596 598 1660 superstitionem
615 1593 791 1645 intercalatio
808 1595 895 1644 omnis
912 1596 1014 1645 omissa
1031 1601 1086 1645 est:
1110 1612 1313 1663 nonnumquam

167 1679 233 1713 nero
245 1665 424 1729 pergratiam
437 1663 620 1726 sacerdotum,
634 1662 679 1726 qui
691 1661 846 1727 publicanis
858 1662 975 1727 proferri
992 1663 1038 1713 rel
1056 1663 1171 1714 inminui
1190 1664 1313 1716 consulto

169 1732 233 1781 anui
250 1731 310 1781 dies
327 1730 474 1791 uolebant,
492 1731 572 1780 mode
591 1730 683 1779 auctio
700 1730 779 1779 modo
797 1730 929 1780 retractio
947 1730 1052 1781 dicrum
1069 1733 1267 1796 proueuiebat:
1286 1736 1314 1783 et

167 1799 217 1849 snb
227 1798 319 1863 speeie
330 1797 531 1848 obseruationis
542 1797 702 1862 emergebat
711 1797 798 1847 maior
808 1796 979 1849 confusionis
988 1799 1108 1849 occasio.
1120 1799 1145 1847 2.
1157 1800 1206 1850 sed
1216 1806 1313 1866 postea

168 1865 198 1915 0.
213 1866 319 1914 Caesar
330 1880 438 1915 ornnem
448 1865 522 1915 banc
533 1865 748 1915 inconstantiam
761 1869 913 1930 temporum
925 1881 1026 1931 uagam
1039 1866 1127 1916 adbuc
1141 1872 1171 1917 et
1179 1867 1313 1919 incertam

167 1934 196 1982 in
213 1933 336 1982 ordinem
353 1936 444 1983 statae
462 1933 630 1983 definitionis
642 1933 737 1997 coegit
754 1933 896 1984 adnitente
909 1933 963 1983 sibi
974 1935 1010 1983 M.
1025 1933 1122 1985 Flauio
1141 1936 1250 1998 scriba,
1269 1936 1313 2000 qui

167 2000 283 2065 scriptos
295 2000 355 2049 dies
366 1999 489 2064 singulos
500 2001 542 2050 ita
555 2000 590 2050 ad
602 2000 764 2050 dictatorem
777 2000 884 2063 retulit,
906 2006 937 2050 ut
954 2006 982 2051 et
1000 2001 1065 2052 ordo
1083 2017 1176 2052 eorum
1194 2001 1313 2054 inueniri

167 2066 301 2117 facillime
313 2073 407 2132 posset
423 2072 451 2119 et
467 2068 580 2118 inuento
598 2072 690 2118 certus
707 2071 795 2117 status
811 2074 1013 2134 perseueraret.
1037 2068 1062 2120 3.
1078 2084 1144 2135 orgo
1164 2070 1194 2120 C.
1210 2071 1313 2121 Caesar

168 2134 308 2185 exordium
325 2150 415 2185 nouae
432 2135 614 2186 ordinationis
630 2136 748 2185 initurus
764 2135 823 2185 dies
843 2151 938 2186 omnes
956 2137 1001 2203 qui
1016 2136 1105 2187 adhuc
1124 2138 1312 2189 confusionem

167 2207 296 2267 poterant
307 2203 402 2253 iacere
415 2203 597 2269 consumpsit:
611 2218 699 2267 eaque
712 2219 741 2253 re
754 2203 914 2253 factumest
925 2209 956 2253 ut
968 2219 1055 2254 annus
1067 2205 1239 2257 confusionis
1252 2206 1312 2258 nlti-

167 2285 227 2320 mus
238 2270 267 2320 in
280 2270 494 2335 quadringentos
507 2270 691 2336 quadraginta
704 2276 760 2321 tres
773 2270 832 2321 dies
844 2272 1063 2336 protenderetur.
1086 2278 1149 2338 post
1160 2272 1213 2324 boc
1226 2275 1313 2325 inrita·

168 2343 212 2388 tus
224 2337 375 2404 Aegyptios
387 2338 460 2389 solos
477 2338 631 2389 diuinarum
647 2354 737 2388 rerum
754 2337 872 2388 omnium
889 2339 1015 2390 conscios
1033 2340 1068 2390 ad
1085 2355 1226 2391 nnmerum
1239 2342 1312 2406 solis,

168 2406 213 2470 qui
225 2406 322 2457 diebus
335 2406 448 2456 trIcenis
457 2406 604 2471 sexaginta
613 2406 731 2471 quinque
744 2412 771 2456 ct
782 2405 934 2471 quadrante
948 2422 1054 2457 cursum
1067 2408 1192 2471 conficit,
1214 2424 1312 2461 anuum

167 2473 288 2540 dirigere
301 2475 450 2525 contendit.
474 2475 499 2524 4.
512 2490 576 2524 nam
588 2474 661 2524 sicut
672 2473 775 2523 lunaris
788 2488 876 2523 annus
887 2474 989 2524 mensis
1002 2480 1058 2537 est,
1077 2476 1141 2540 quia
1153 2475 1220 2527 luna
1231 2478 1313 2543 paulo

168 2541 256 2591 minus
273 2557 353 2606 quarn
370 2558 491 2592 mensem
508 2542 537 2592 in
551 2542 658 2591 zodiaci
671 2541 858 2591 circumitione
873 2542 1015 2605 consumit,
1029 2543 1069 2592 ita
1084 2542 1149 2592 solis
1163 2560 1252 2595 annus
1261 2546 1312 2595 boc

168 2609 271 2659 dierum
288 2625 401 2660 numero
418 2609 588 2673 coIIIgendus
606 2614 649 2658 est
665 2624 744 2673 quem
759 2609 869 2674 peragit
886 2610 949 2660 dum
968 2610 1003 2660 ad
1020 2609 1047 2658 id
1058 2610 1165 2675 signum
1179 2628 1208 2662 se
1225 2613 1312 2663 denno

167 2677 252 2727 uertit
265 2694 297 2727 ex
310 2692 362 2743 quio
372 2677 510 2742 digressus
522 2683 576 2727 est:
589 2677 661 2726 unde
672 2690 760 2726 annus
771 2684 882 2726 uertens
895 2682 1011 2727 uocatur
1020 2683 1049 2727 et
1059 2678 1179 2728 habetur
1189 2696 1311 2746 magnus,

168 2761 228 2793 cum
240 2744 323 2795 lunae
336 2760 424 2794 annus
437 2745 528 2795 breuis
540 2750 657 2809 putetur.
672 2743 696 2792 5.
709 2743 1087 2810 borumVirgiliuautrumque
1096 2746 1246 2811 conplexus
1260 2756 1312 2799 cst:

410 2813 518 2863 interea
530 2827 657 2876 magnum
670 2811 710 2860 eol
723 2812 944 2861 circumuquItur
956 2828 1063 2862 annum.

167 2880 231 2928 bine
245 2879 373 2928 etriteius
382 2879 480 2944 Capito
493 2896 593 2930 aunum
607 2896 623 2929 a
636 2880 752 2928 circnItu
767 2880 896 2944 temporis
909 2885 988 2945 putat
1000 2881 1112 2942 dictum,
1127 2882 1191 2946 quia
1204 2890 1313 2936 ueteres

169 2962 203 2996 an
217 2963 265 3010 pru
283 2948 384 2996 circum
397 2964 499 3012 ponere
518 2953 692 3008 consumunt,
704 2952 736 2995 ιιι
748 2947 818 2996 Cato
832 2949 858 2997 in
872 2948 1035 3012 originibus:
1054 2950 1155 2998 Arator
1172 2966 1207 2999 an
1221 2952 1311 3001 termi-

168 3029 239 3070 ιιιιιιι,
252 3014 278 3062 Id
292 3020 334 3063 ost
346 3015 446 3065 circum
460 3016 612 3076 terminum,
627 3019 655 3064 ct
668 3014 771 3064 ambire
785 3015 885 3064 dicitur
894 3032 943 3079 pro
953 3016 1104 3066 circumire.
1118 3015 1142 3066 (l.
1153 3017 1238 3068 Iulius
1249 3035 1313 3085 ergo

169 3080 275 3131 Caesar
287 3082 383 3131 ‹Iecem
397 3083 455 3132 dies
469 3082 655 3133 obscurationi
668 3083 757 3132 ueteri
769 3083 964 3146 snperadiecit,
978 3088 1007 3132 ut
1020 3100 1120 3133 aunum
1137 3089 1259 3136 trecenti
1272 3102 1312 3137 se·

168 3150 284 3213 raginta
296 3150 413 3214 quinque
427 3151 498 3209 dics,
518 3151 614 3215 quibus
627 3149 779 3199 sollustrat
792 3150 942 3212 zodiacum,
958 3151 1115 3201 efficerent:
1135 3158 1210 3202 etue
1230 3154 1311 3219 quad·

168 3232 232 3266 rans
255 3217 379 3279 deesset,
404 3219 501 3268 statuit
522 3224 553 3268 ιιι
575 3224 671 3282 quarto
695 3233 801 3282 quoque
820 3233 892 3268 auno
910 3219 1083 3279 sacerdotes,
1107 3221 1151 3285 qni
1178 3224 1313 3273 currebant

168 3285 308 3334 mensibus
327 3302 360 3335 ac
379 3286 489 3348 diebus,
506 3301 588 3335 uuuru
607 3286 806 3335 intercalarent
824 3286 909 3346 diem,
930 3302 962 3335 eo
977 3287 1086 3337 scilicet
1098 3304 1193 3338 mense
1208 3306 1241 3339 ac
1254 3289 1312 3341 Ioco

169 3367 220 3417 quo
234 3352 319 3403 etiam
332 3355 404 3419 apud
416 3359 527 3404 ueteres
539 3355 642 3403 mensis
654 3353 883 3409 intercalabatur,
896 3353 923 3402 id
937 3360 1057 3404 estante
1072 3357 1189 3420 quinque
1202 3356 1313 3407 ultimos

167 3420 312 3470 Februarii
325 3423 427 3471 mensis
440 3422 512 3477 dies,
525 3420 606 3485 idque
619 3422 756 3471 bisextnm
770 3421 877 3470 censuit
889 3421 1090 3471 nominandum.
1110 3423 1135 3472 7.
1150 3424 1209 3474 dies
1223 3432 1313 3477 autem

167 3486 278 3543 decem,
292 3504 359 3553 quos
372 3489 407 3540 ab
421 3506 453 3539 oo
467 3488 574 3538 additos
587 3489 716 3549 diximus,
734 3488 787 3539 Irae
805 3489 976 3540 ordinatione
994 3490 1147 3539 distribuit:
1172 3492 1200 3540 iu
1213 3493 1312 3543 Ianua·

168 3555 235 3604 rium
249 3559 277 3604 et
289 3556 420 3606 Sextilem
434 3562 462 3606 et
474 3557 655 3607 Decembrem
668 3556 748 3605 binos
761 3557 820 3606 dies
837 3557 965 3617 insenrit,
983 3557 1011 3605 iu
1024 3558 1145 3622 Aprilem
1165 3566 1258 3610 autem
1270 3563 1311 3610 Iu-

167 3622 240 3672 nium
254 3624 442 3689 Septembrem
454 3625 637 3675 Nouembrem
649 3623 784 3689 singulos:
802 3624 850 3674 sed
862 3640 952 3688 neque
965 3626 1051 3674 mensi
1066 3627 1219 3677 Februario
1238 3628 1311 3678 addi·

166 3690 207 3739 dit
223 3690 309 3751 diem,
328 3707 363 3741 no
381 3693 460 3742 deum
469 3685 595 3742 *inferum
614 3691 710 3757 religio
728 3692 922 3744 inmutaretur.
947 3699 973 3741 ct
992 3693 1091 3742 Martio
1108 3691 1183 3743 Maio
1197 3696 1312 3757 Quintili

167 3758 281 3808 Octobri
299 3761 421 3809 seruauit
433 3760 575 3825 pristinum
589 3764 705 3820 statum,
723 3760 794 3824 quod
807 3761 875 3808 satis
889 3759 970 3824 pleno
990 3766 1069 3809 eraut
1082 3777 1206 3824 numero,
1226 3764 1254 3812 id
1272 3768 1313 3813 cst

166 3826 270 3875 dierum
283 3826 452 3892 singulorum
465 3828 691 3893 tricenorumque.
710 3825 734 3875 8.
748 3828 811 3875 ideo
824 3832 852 3876 et
864 3828 1033 3891 septimanas
1043 3828 1147 3877 habeut
1161 3831 1264 3893 Nouos,
1277 3831 1312 3881 si·

167 3898 213 3942 cut
222 3894 311 3943 Numa
324 3894 479 3952 constituit,
494 3894 557 3958 quia
570 3894 638 3944 nihil
651 3895 679 3943 in
692 3895 734 3944 his
746 3894 831 3944 Iulius
843 3896 972 3943 mutauit:
986 3895 1034 3944 sed
1045 3896 1189 3947 Ianuarius
1203 3898 1313 3949 SextiIIs

166 3962 330 4021 December,
345 3963 442 4025 quibus
452 3960 558 4010 Caesar
569 3962 649 4011 binos
663 3962 776 4015 addidit.
789 3961 855 4011 licet
868 3962 988 4011 tricenos
1001 3962 1124 4026 siugrrlos
1135 3964 1240 4016 babere
1253 3971 1314 4032 post

165 4028 316 4078 Caesarem
328 4029 478 4093 coeperint,
492 4029 639 4093 quintanas
652 4035 744 4079 tamen
763 4029 867 4078 hubent
880 4030 987 4089 Nonas,
1007 4037 1035 4079 et
1049 4031 1082 4079 ab
1096 4032 1191 4083 Idibus
1204 4034 1259 4083 illis
1271 4051 1312 4084 se·

167 4103 281 4159 quentes
294 4096 439 4146 Kalendae
451 4095 480 4144 in
492 4097 725 4147 undeuicesimum
738 4103 919 4158 rarrertnntur,
933 4098 997 4161 quia
1010 4098 1115 4148 Caesar
1129 4115 1197 4164 quos
1211 4102 1314 4152 addidit

166 4163 326 4227 dicensque
347 4168 411 4213 ante
424 4164 517 4213 Nonas
535 4178 623 4227 neque
643 4171 706 4214 ante
725 4165 788 4213 Idus
804 4166 926 4214 inserere
939 4165 1039 4224 uoluit,
1057 4181 1092 4216 ue
1110 4168 1250 4219 Nonarum
1268 4174 1313 4219 aut

165 4230 259 4279 Iduum
272 4231 443 4296 religionem,
461 4246 531 4294 quae
544 4237 617 4282 stato
631 4237 692 4282 erat
703 4232 761 4291 die,
775 4231 887 4281 nouella
899 4234 1182 4298 conperendinatione
1196 4253 1312 4287 corrum-

166 4305 252 4361 peret.
277 4299 302 4347 u.
320 4299 370 4348 sed
386 4313 439 4347 nec
457 4303 520 4364 post
535 4299 598 4348 Idus
615 4314 676 4348 mor
694 4299 780 4349 uoluit
796 4302 932 4359 inserere,
946 4316 981 4350 ue
1000 4301 1130 4351 seriarum
1147 4320 1312 4370 quarumque

165 4363 315 4416 moleretur
323 4365 450 4416 indictio:
464 4365 513 4416 sed
522 4367 645 4433 peractis
654 4366 784 4431 cuiusque
794 4368 896 4418 mensis
906 4367 983 4419 feriis
991 4369 1082 4419 locum
1092 4370 1190 4422 diebus
1201 4373 1313 4423 advenis
