2964 5002
171 349 230 411 174
671 368 801 412 enarra

168 532 376 580 Avnvnrnvs
396 502 438 580 ex
460 516 606 581 siccitate
628 526 660 581 et
677 517 814 603 frigore,
835 528 966 582 titubes
987 541 1030 583 ex
1045 517 1167 604 frigore
1190 530 1222 585 et
1245 519 1302 585 bu·

169 641 269 683 more.
293 618 379 682 unde
399 619 494 682 etiam
513 629 589 683 sunt
603 627 747 705 tempora
762 641 781 682 a
795 621 1029 684 communionis
1046 631 1303 707 temperamento

169 721 272 785 dicta:
315 721 407 784 cuius
429 721 665 785 communionis
687 721 768 785 baec
795 731 843 786 est
864 721 970 807 figura
997 729 1104 802 (sipara
1128 731 1185 805 II).
1225 746 1302 811 quc

168 846 238 887 rum
261 830 440 912 temporum
458 823 539 887 haec
554 834 628 886 sunt
646 824 821 910 principia:
857 845 916 889 uer
929 825 1075 890 exoritur
1090 836 1207 889 octauo
1226 825 1302 889 Kal.
1349 852 1355 859 ·

169 1062 230 1114 tur.'
243 1064 278 1114 cf.
287 1065 364 1129 epist
371 1062 515 1129 Theophili
522 1062 697 1113 Alexandrini
711 1063 794 1128 episc.
805 1064 840 1114 ab
847 1064 1013 1129 Hieronymo
1023 1060 1103 1116 uersa
1114 1065 1159 1130 lp.
1174 1063 1223 1114 621
1231 1065 1301 1115 Vall.

170 1161 201 1169 —-
219 1133 376 1182 Ambrosius
393 1132 516 1182 hexaem.
536 1132 592 1181 IIII
609 1131 633 1192 5,
652 1130 698 1181 21:
730 1132 879 1197 ‘Tempora
898 1138 988 1182 autem
1007 1149 1075 1197 quae
1094 1138 1157 1184 sunt
1175 1134 1227 1182 nisi
1246 1149 1302 1182 rnn-

168 1202 301 1251 tationum
320 1201 404 1263 uices,
423 1199 511 1249 hiems
529 1214 578 1248 uer
600 1204 693 1250 aestas
716 1205 798 1264 atque
818 1203 978 1251 autumnus?
1003 1202 1030 1249 in
1053 1201 1217 1266 istis.igitnr
1235 1208 1301 1252 tem-

168 1268 278 1335 poribus
297 1274 344 1318 aut
361 1268 483 1317 uelocior
501 1272 543 1317 est
560 1268 692 1317 transitus
709 1268 776 1318 soils
790 1276 837 1318 snt
853 1269 965 1318 tardior.
996 1269 1053 1318 alia
1068 1270 1141 1319 enim
1153 1271 1300 1334 praestrin-

169 1339 209 1402 git
236 1337 321 1386 radiis
344 1337 400 1386 suis
430 1335 486 1385 alia
514 1335 665 1385 inflammat
691 1335 838 1386 caloribus.
868 1337 972 1401 ,itaque
996 1352 1054 1386 curn
1079 1336 1119 1386 sol
1144 1337 1301 1387 meridianis

168 1394 293 1471 pa'rtibns
310 1405 468 1455 immoratur
486 1403 572 1454 hiems
590 1403 668 1454 nobis
687 1409 738 1454 est.
773 1420 837 1454 nam
855 1420 915 1454 cum
933 1404 974 1455 sol
992 1404 1100 1470 longius
1119 1405 1208 1465 abest,
1227 1410 1302 1455 terra

167 1474 282 1538 rigescit
300 1471 373 1538 gelu,
391 1471 535 1536 stringitur
553 1472 654 1536 frigore
679 1478 707 1521 et
723 1467 847 1536 'plurima
864 1472 953 1522 noctis
971 1473 1066 1522 umbra
1089 1470 1178 1524 'terrae
1203 1474 1300 1538 operit,

168 1549 198 1591 ut
216 1541 298 1591 multo
317 1539 465 1605 prolixiora
483 1541 538 1589 sint
556 1539 645 1589 noetis
662 1540 755 1605 spatia
778 1556 858 1606 quam
880 1540 944 1589 diei.
981 1539 1044 1589 binc
1063 1540 1150 1590 oritur
1168 1556 1256 1592 causa
1272 1547 1302 1590 ut

168 1609 290 1659 hibernis
312 1608 422 1658 tlatibns
444 1607 530 1656 nimia
551 1606 594 1659 uis
616 1608 720 1656 niuium
743 1607 948 1673 plunisrumque
972 1607 1110 1662 fundatur.
1145 1624 1207 1658 cum
1237 1624 1309 1666 uerov

168 1694 202 1728 ex
219 1675 379 1726 meridianis
396 1675 532 1725 decedens
549 1675 674 1740 partibus
691 1691 774 1741 supra
791 1680 893 1726 terram
910 1675 995 1736 redit,
1018 1676 1108 1725 noetis
1127 1692 1160 1726 ac
1179 1676 1238 1727 dici
1255 1693 1300 1727 ex·

169 1750 271 1809 aeqnat
288 1750 424 1808 tempora;
450 1740 547 1807 atquo
565 1743 653 1860 magja
672 1759 761 1794 moras
779 1744 836 1794 suis
854 1744 981 1809 adiungit
999 1744 1132 1804 cursibus,
1153 1759 1186 1793 eo
1204 1745 1301 1810 paula·

167 1815 216 1863 tim
234 1813 392 1876 temperiem
412 1811 485 1860 aeris
501 1809 581 1859 buius
594 1826 622 1859 re
642 1811 701 1860 ucit
719 1818 747 1861 et
765 1818 879 1863 reuocat
890 1827 1017 1862 summm
1030 1811 1216 1873 elementiam,
1231 1829 1300 1878 quae

167 1881 264 1931 ferrens
282 1879 373 1929 omnia
391 1878 555 1943 repetendos
572 1879 647 1943 cogit
664 1880 699 1940 in,
710 1884 814 1944 partus,
833 1886 863 1930 ut
879 1885 955 1930 terra
972 1880 1107 1945 germinet
1126 1896 1160 1930 ac
1179 1880 1301 1931 resoluta

168 1949 252 1998 sulcis
269 1947 376 1996 semina
393 1947 578 2008 reuiuisesnt,
602 1947 741 1997 nireecant
759 1947 885 2007 arbores,
910 1947 945 1998 ad
961 1949 1175 2013 perpetuitatem
1194 1964 1300 2014 quoque

146 2014 475 2079 'conseruandigeneris
498 2028 591 2063 eorum
614 2029 684 2079 quae
707 2014 752 2065 uel
775 2016 903 2066 interris
925 2022 988 2066 sunt
1010 2014 1055 2065 uel
1077 2017 1156 2080 aquis
1179 2017 1301 2082 gaudent

168 2084 266 2134 annuis
283 2083 387 2132 fetibus
404 2082 544 2132 successio
561 2087 736 2147 propagetur.
777 2090 821 2133 ast
841 2083 889 2133 nbi
912 2083 947 2133 ad
966 2084 1088 2133 aestiuas
1107 2086 1300 2135 conuersiones

168 2153 195 2201 in
213 2151 436 2216 septemtrionem
453 2165 483 2200 se
500 2148 631 2215 subrigit,
654 2152 747 2215 spatia
764 2151 863 2203 diurna
880 2151 1017 2217 producit,
1042 2156 1223 2202 noctes-uero
1243 2169 1300 2204 arc·

168 2225 210 2270 tat
232 2225 261 2269 et
283 2219 439 2284 adstringit.
474 2218 568 2282 itaque
593 2234 645 2283 qno
669 2219 757 2283 magis
780 2234 831 2269 usn
855 2219 965 2269 assidue
988 2221 1046 2269 aeri
1069 2219 1133 2269 huic
1157 2221 1302 2285 copulatur

168 2294 251 2353 atque
269 2288 407 2348 miscetur,
427 2301 459 2335 eo
478 2287 595 2351 amplius
613 2291 641 2336 et
658 2287 747 2352 ipsum
765 2303 857 2337 aerem
875 2292 992 2352 saporat
1012 2292 1041 2337 et
1058 2292 1193 2337 terrarum
1213 2290 1300 2339 exsic-

168 2364 215 2406 cat
232 2355 379 2416 humorem,
400 2353 558 2404 adolescere
576 2355 647 2404 lacit
663 2355 769 2404 semina
786 2360 814 2405 et
832 2361 970 2420 tamquam
985 2355 1013 2404 in
1025 2370 1122 2405 succos
1134 2355 1233 2406 uiriles
1245 2372 1299 2406 ma·

167 2430 306 2474 tureecere
329 2438 410 2488 poma
432 2420 573 2473 siluarum.
610 2426 679 2472 'tunc
703 2424 769 2487 quia
790 2423 952 2488 flagrantior
973 2429 1026 2485 est,
1049 2423 1167 2472 minores
1190 2425 1300 2475 umbras

168 2493 238 2543 facit
256 2493 284 2541 in
296 2491 456 2551 meridiano,
475 2489 604 2555 qnoniam
617 2506 651 2539 ex
669 2491 725 2540 alto
738 2490 810 2540 bunc
822 2488 1085 2540 inluminstloeum.’
1109 2489 1154 2540 23:
1176 2492 1299 2558 ‘Exemp-

167 2560 222 2610 lum
246 2576 310 2625 crgo
333 2573 474 2624 possumus
504 2558 644 2623 acciperc3
674 2559 739 2623 quia
761 2558 894 2609 hiemales
918 2559 977 2608 dies
998 2557 1096 2608 breues
1118 2558 1167 2608 sed
1191 2560 1300 2610 umbras

36 2632 38 2639 '
125 2684 128 2688 ⁴
167 2629 285 2678 maiores
302 2627 418 2677 babent:
438 2626 539 2675 cestini
556 2626 615 2675 dies
628 2627 744 2676 maiores
756 2627 804 2676 sed
816 2627 925 2676 umbras
938 2627 1056 2676 minores
1068 2626 1181 2677 habent.
1211 2628 1300 2678 medio

168 2713 273 2762 quoque
292 2696 335 2745 die
354 2697 441 2744 minor
458 2693 554 2743 umbra
573 2709 653 2758 quam
671 2694 716 2743 uel
735 2695 763 2743 in
775 2695 911 2759 principio
925 2700 967 2744 est
984 2694 1040 2743 diei
1059 2695 1103 2744 uel
1122 2695 1187 2745 fine:
1209 2696 1298 2746 etheo

168 2766 240 2829 apud
257 2779 306 2813 nos
325 2765 358 2811 ‘in
376 2767 454 2827 parte
473 2761 633 2811 occidentis.
669 2766 766 2827 postea
784 2778 833 2812 nos
851 2768 996 2812 autumnus
1014 2763 1155 2827 excipiens
1174 2764 1300 2829 infringit

119 2888 125 2898 ⁸
168 2833 276 2898 quldcnr
295 2837 419 2881 aestuum
437 2829 665 2895 magnitudinem:
690 2830 738 2879 sed
759 2831 898 2895 paulisper
916 2830 1039 2879 relaxato
1058 2846 1091 2880 se
1110 2831 1236 2896 deposito
1255 2848 1298 2882 ca-

167 2902 224 2951 loro
243 2916 291 2965 per
308 2898 468 2962 temperiem
486 2897 568 2946 medii
586 2898 778 2947 moderaminis
790 2899 849 2947 siue
868 2898 965 2947 fraude
984 2914 1033 2948 nos
1052 2904 1134 2963 atquc
1153 2899 1211 2949 ulla
1229 2917 1298 2950 noxa

167 2969 277 3018 flatibus
289 2966 374 3016 tradit
385 2963 572 3014 hiemalibus’
592 2980 624 3014 ex
637 2965 724 3015 Basili
737 2965 798 3015 hex.
812 2982 875 3031 pag.
884 2965 917 3014 57
931 2982 953 3015 e.
968 2965 993 3015 d.
1009 2983 1032 3014 e.
1046 2964 1079 3015 58
1091 2982 1116 3016 a.
1128 2967 1154 3015 b.
1180 2968 1300 3018 Isidorus

167 3037 253 3101 origg.
266 3036 290 3084 V
302 3034 347 3085 35:
362 3034 510 3098 ‘Tempora
529 3033 594 3083 suni
606 3039 735 3098 quattuor
746 3040 821 3087 sunt:
834 3049 883 3084 uer
897 3039 989 3083 aestas
1002 3040 1146 3083 autumnus
1163 3042 1191 3084 et
1203 3036 1298 3086 hierna.

166 3105 242 3154 dicta
254 3108 317 3154 sunt
329 3109 451 3167 tempora
461 3117 478 3150 a
491 3102 687 3153 communionis
696 3107 921 3167 temperamento,
934 3101 1005 3165 qnod
1015 3102 1133 3151 inuicem
1145 3120 1175 3152 ae
1188 3103 1299 3154 humore

166 3173 295 3222 siccitate
310 3171 401 3220 calore
415 3168 443 3219 et
455 3170 557 3236 frigore
569 3175 730 3234 temperent.
757 3170 826 3220 haec
840 3174 868 3219 et
880 3170 1017 3219 enrricula
1030 3170 1156 3220 dicuntur
1169 3173 1299 3235 quianon

165 3246 241 3291 stant
253 3240 300 3289 sed
313 3244 432 3288 currunt.
452 3242 561 3288 constat
573 3244 663 3287 autem
681 3244 742 3303 post
754 3238 858 3288 iactum
871 3238 997 3286 mundum
1010 3254 1043 3306 cr
1056 3238 1191 3302 qualitate
1205 3256 1300 3290 cursus

165 3309 231 3359 solis
244 3314 366 3372 tempora
377 3307 511 3356 internos
524 3322 630 3356 menses
643 3307 727 3356 fuisse
740 3306 839 3356 diuisa.
864 3321 975 3372 quorum
994 3311 1144 3371 temporum
1156 3308 1298 3358 discretio·

165 3392 227 3426 nem
239 3376 323 3425 talem
333 3380 441 3425 ueteres
454 3374 570 3436 faciunt,
580 3381 610 3423 ut
621 3375 707 3440 primo
716 3389 808 3423 mense
821 3389 870 3423 uer
878 3389 976 3423 nouum
989 3374 1105 3431 dicatur,
1120 3377 1240 3425 secundo
1254 3377 1300 3426 ad·

166 3444 259 3503 ultum,
278 3445 360 3494 tertio
379 3458 521 3508 praeceps.
556 3443 595 3492 sic
616 3449 644 3491 et
662 3448 755 3492 aestas
778 3443 880 3492 insuia
899 3441 986 3491 tribus
1004 3443 1142 3491 mensibus
1162 3460 1234 3498 riona
1253 3444 1300 3494 sd·

166 3514 225 3562 ulta
243 3518 271 3561 et
288 3526 430 3577 praeceps.
466 3512 531 3559 item
550 3509 641 3561 ⁴biems
664 3526 736 3560 noua
761 3509 856 3559 adulta
880 3514 908 3559 et
929 3526 1064 3575 praeceps
1088 3511 1146 3559 siue
1167 3520 1299 3562 extrema.

165 3580 236 3630 arride
256 3585 284 3629 et
302 3580 382 3629 illud:
407 3580 562 3627 ‘Extremae
580 3578 630 3627 snb
650 3594 743 3627 casum
761 3578 858 3627 hiemis
881 3578 907 3639 (e
925 3580 997 3628 Sero.
1015 3594 1103 3642 peorp.
1123 3579 1140 3627 1
1158 3582 1215 3643 43).
1250 3597 1301 3630 uer

167 3655 256 3698 autern
268 3648 371 3697 dietum
390 3647 460 3712 quod
472 3647 552 3695 niret.
583 3651 648 3695 tunc
667 3647 738 3695 enim
757 3650 818 3711 post
836 3646 953 3695 hiemem
971 3648 1088 3695 uestitur
1106 3646 1189 3697 tellus
1207 3648 1301 3698 herbis

166 3724 193 3766 et
212 3720 239 3766 in
258 3717 350 3766 florem
369 3722 468 3765 cerreta
486 3720 653 3780 rumpuntur.
690 3721 783 3763 aestas
807 3714 882 3764 dieta
901 3715 935 3763 ab
955 3720 1034 3763 aestu
1052 3714 1080 3763 id
1098 3721 1139 3764 est
1159 3715 1252 3766 calore
1272 3721 1300 3765 ct

166 3792 259 3835 :restae
283 3785 360 3849 ‹puasi
383 3789 446 3832 usta
469 3783 554 3833 idest
577 3788 673 3831 exusta
696 3789 724 3832 et
746 3782 833 3832 arida.
873 3798 937 3832 nam
960 3782 1036 3831 calor
1054 3782 1146 3831 aridus
1165 3791 1215 3833 est.
1254 3800 1301 3833 au·

165 3859 273 3903 tunrnus
292 3858 382 3901 autern
401 3866 418 3899 a
436 3856 600 3915 tempestate
619 3856 745 3910 uocatus,
771 3850 879 3915 quando
903 3856 930 3899 et
954 3850 1022 3900 folia
1046 3851 1172 3900 orborum
1197 3853 1318 3913 eadunt-
1337 3874 1352 3915 ·,

166 3927 194 3971 et
203 3922 303 3972 'omnia
316 3926 509 3969 maturescunt.
539 3918 656 3969 hiemem
668 3934 733 3969 uero
751 3920 822 3968 ratio
836 3918 1030 3983 hemisphaerii
1049 3922 1221 3984 nuncupauit
1234 3915 1347 3985 quim]⁴

252 4156 262 4206 l
282 4152 439 4202 sartumnns
455 4144 482 4198 B
495 4139 508 4222 Η
525 4143 616 4200 citato
632 4137 671 4198 B¹
688 4142 807 4200 sicitate
831 4139 867 4197 Β2
888 4137 902 4223 Η
924 4143 1041 4218 fulgure
1060 4137 1098 4197 B¹
1115 4136 1128 4222 ΙΙ
1144 4141 1252 4201 hiemis
1274 4147 1300 4200 B

167 4225 179 4311 l!
197 4230 316 4307 Iulgurc
333 4224 369 4285 Β1
391 4222 404 4310 ΙΙ
424 4237 440 4287 2
455 4236 714 4305 temperamenta*
733 4222 769 4283 Β1
789 4236 1027 4305 temperamento
1039 4233 1061 4284 Α
1075 4221 1089 4305 Η
1104 4237 1122 4288 3
1139 4246 1182 4286 nu
1200 4248 1298 4295 Qvan-

163 4326 250 4374 nvon
272 4333 401 4373 reneca
421 4309 504 4394 Alli
524 4321 593 4369 sunt
609 4321 773 4390 temporum
789 4311 865 4369 haec
889 4309 939 4393 ΒΗ
955 4331 1066 4370 uernus
1085 4316 1137 4371 AB
1157 4309 1170 4393 ll
1193 4334 1298 4374 exore-

164 4396 213 4458 tur
235 4397 268 4456 Β1
287 4397 300 4482 Η
316 4401 448 4458 exoritur
463 4398 501 4456 ob
518 4394 554 4454 11²
570 4391 583 4479 Η
598 4396 706 4455 octnbo
721 4402 745 4454 A
762 4397 839 4456 VIII
858 4401 883 4454 B
