2964 5002
501 367 528 404 r.
545 363 725 406 arrscnaan
742 365 983 408 conusa'raruvs
1246 349 1301 411 52¹

169 525 343 587 manarunt,
359 515 478 575 effinxit
497 515 583 575 nihili
599 516 778 595 scripturam
795 522 859 575 ocri
871 520 964 576 dolore
982 537 1017 576 ac
1032 523 1128 579 taedio.
1159 521 1238 580 Nam
1260 524 1304 582 ni-

169 618 211 677 hil
228 628 262 677 ut
283 617 382 677 dicam
404 616 444 676 de
460 617 601 695 ambigua
625 620 834 679 conlocatione
857 625 920 678 acri
941 620 1099 695 adiectivi,
1124 623 1206 703 qnod
1227 624 1305 683 inter

169 720 302 781 morbum
325 730 356 781 et
370 719 503 780 dolorem
519 721 637 783 incerta
659 723 880 781 constructione
896 732 1034 799 vagatur,
1051 725 1146 802 ipsam
1162 743 1200 784 cx
1214 746 1303 804 prae-

168 802 446 907 positionem⁸haec
460 823 582 903 quidem
605 827 757 884 sententia
775 824 911 904 postulat
928 828 1113 886 necessario.
1142 827 1212 887 Non
1230 849 1304 888 sone

168 946 297 1011 usquam
312 925 490 998 Suetonius,
515 946 580 986 cum
598 928 769 1007 quempiam
788 928 943 1007 quippiam
967 929 1070 988 facere
1093 929 1215 1005 dolore,
1240 940 1303 991 tae-

169 1031 232 1103 dio,
253 1037 336 1088 metu
359 1026 516 1087 declarare
535 1029 602 1087 vult
623 1028 813 1108 simpliciter,
833 1029 863 1088 id
886 1029 1008 1089 adiecta
1030 1049 1068 1090 ex
1089 1032 1211 1091 not-ione
1232 1032 1304 1092 dicit

169 1129 268 1214 (velut
288 1151 355 1190 cum
377 1130 517 1190 Servium
534 1134 644 1204 pudore
667 1151 701 1189 oc
724 1135 812 1191 taedio
834 1136 1032 1191 secesseram
1053 1135 1121 1192 arbe
1138 1145 1242 1195 narrat
1266 1135 1304 1195 de

168 1254 292 1314 gramm.
309 1233 356 1311 ³l³
374 1231 429 1291 sed
443 1232 579 1292 morbum
595 1253 662 1293 cum
678 1232 802 1293 vellete
816 1233 921 1294 dolore
935 1244 1030 1294 ortum
1043 1235 1156 1309 dicere,
1171 1236 1305 1297 debebat

167 1336 304 1416 profecto
321 1338 453 1393 ‘morbum
469 1353 506 1394 ex
519 1336 632 1409 dolorc‘,
651 1337 709 1396 nisi
726 1335 830 1395 addito
845 1339 1006 1417 participio
1024 1337 1136 1398 ‘dolore
1154 1339 1302 1398 effectum’

147 1432 152 1443 '
167 1438 274 1499 mallet
287 1437 339 1497 vel
357 1436 505 1500 similiter.
544 1438 634 1517 Quod
654 1438 777 1520 quidem
792 1440 927 1499 sentiens
941 1440 1071 1499 Bothius
1091 1460 1159 1500 cum
1173 1451 1303 1521 utroque

167 1541 282 1601 sociato
299 1539 448 1599 vocabulo
468 1541 513 1599 sic
529 1542 651 1620 scripsit
671 1544 763 1599 morbo
780 1545 938 1617 implicitum
957 1546 1020 1601 ocri
1036 1560 1075 1601 cx
1088 1547 1184 1602 dolore
1197 1563 1233 1602 uc
1247 1555 1303 1602 taa-

167 1648 217 1716 dio,
235 1664 297 1702 non
312 1643 409 1719 magis
424 1642 536 1721 placet.
559 1643 633 1703 Sive
652 1645 731 1702 enirn
749 1664 816 1702 oum
833 1647 926 1703 morbo
941 1645 1007 1704 sive
1022 1665 1090 1704 cum
1105 1648 1200 1704 dolore
1214 1647 1302 1705 strui·

167 1755 214 1806 tur
236 1750 299 1804 ucri
319 1745 519 1818 adiectivum,
546 1745 673 1825 perinde
696 1747 800 1824 inepto
827 1745 964 1825 pondere
990 1750 1172 1807 sententiam
1198 1758 1304 1809 onerat

165 1849 366 1929 postpositum
385 1848 546 1927 participio
567 1868 604 1906 ac
628 1849 848 1927 praepositioni
872 1853 1085 1927 antepositum.
1120 1851 1198 1910 Nolo
1224 1853 1304 1912 enim

168 1953 198 2011 in
215 1972 251 2010 eo
267 1950 399 2009 haerere
410 1949 491 2029 quod
510 1969 625 2025 prorsam
647 1953 747 2029 pot-ius
763 1949 898 2010 morbum
920 1951 999 2012 solet
1014 1951 1179 2012 Suetonius
1201 1946 1303 2014 dicere

166 2062 198 2113 nt
219 2052 289 2112 Tib.
311 2061 355 2117 tr.
378 2052 471 2131 Vesp.
495 2062 526 2128 2,
553 2073 614 2112 non
640 2071 734 2111 acrem
758 2061 792 2112 ut
810 2053 940 2138 Plautus
961 2056 1170 2116 Menaechmis
1189 2079 1220 2118 v.
1241 2063 1304 2119 872.

169 2153 287 2234 Quodsi
306 2156 374 2234 quis
396 2153 480 2214 aliud
503 2175 609 2215 cruere
632 2155 796 2215 eParisini
817 2156 962 2215 memoria
983 2159 1117 2218 animum
1138 2157 1303 2232 induxerit,

167 2277 257 2316 unum
276 2257 334 2316 hoc
354 2257 493 2317 relictum
516 2268 563 2317 est
584 2266 617 2316 ut
638 2259 731 2315 morbo
746 2259 913 2330 implicatum
926 2276 1002 2331 prae
1016 2262 1110 2317 dolore
1130 2260 1239 2338 probet
1258 2261 1304 2338 (ut

169 2358 238 2421 oth.
259 2358 319 2438 12):
342 2358 425 2440 quod
445 2379 516 2419 num
540 2360 579 2419 sit
597 2358 755 2438 probabile
776 2360 805 2417 in
829 2377 863 2416 uc
884 2376 922 2417 ex
938 2368 1112 2439 corruptum
1130 2381 1214 2434 esse,
1237 2362 1303 2441 ipse

170 2462 291 2524 viderit.

249 2564 326 2642 Peg.
339 2563 393 2635 38,
409 2563 428 2623 2
444 2568 621 2621 sarcinarum
639 2564 729 2622 etiam
746 2564 875 2641 scriptor
890 2564 972 2622 vitae
992 2562 1212 2623 Ambrosianae
1226 2563 1303 2641 legit

168 2672 294 2725 sorcirms
309 2668 478 2742 solidasque
501 2666 531 2723 iu
553 2685 662 2724 navem
685 2665 841 2743 impositas
864 2685 1049 2725 memorans:
1073 2663 1125 2735 ubi
1145 2670 1303 2723 sarcinulas

168 2769 312 2829 Potrarca
334 2788 401 2826 cum
417 2766 586 2827 Polentono
609 2766 732 2826 habent.
769 2768 837 2827 Nec
856 2767 939 2827 aliud
962 2768 1095 2828 voluisse
1114 2765 1303 2845 Stephanum

168 2872 311 2952 suspicor,
328 2869 437 2929 calami
451 2879 568 2930 tantum
584 2869 634 2929 vel
650 2871 830 2949 typothetae
845 2889 947 2930 errore
962 2871 1021 2930 uisi
1037 2870 1129 2929 fallor
1142 2880 1303 2945 satyrorum

169 2974 395 3053 exprimentem.

251 3074 369 3134 Ibidem
386 3080 414 3133 in
432 3093 532 3133 nauem
554 3074 636 3154 quod
649 3073 779 3133 Rothius
801 3074 919 3154 recepit
934 3094 973 3134 ex
989 3078 1029 3146 A,
1047 3074 1162 3133 factum
1179 3074 1303 3134 nollem.

168 3178 243 3238 Nam
263 3178 293 3236 in
314 3197 425 3236 navem
447 3177 642 3256 praemisisse
665 3179 801 3236 sarcinas
823 3179 849 3236 is
867 3187 984 3237 tantum
1004 3185 1089 3237 recte
1111 3175 1221 3236 dicitur
1242 3176 1303 3257 qui,

168 3280 307 3340 inlitora
334 3288 452 3339 restans
481 3298 661 3359 parumper,
693 3300 760 3339 earn
783 3300 894 3340 navem
915 3282 981 3358 ipse
999 3299 1219 3340 conscensurus
1239 3290 1301 3340 est:

167 3402 243 3464 quae
269 3381 418 3462 quomodo
445 3383 562 3460 perire,
585 3381 719 3441 nondum
744 3402 867 3460 egressa
891 3393 994 3462 portu,
1020 3381 1140 3461 potuit?
1176 3383 1303 3442 Rectius

166 3506 228 3545 ram
247 3485 340 3544 menti
354 3505 427 3545 suae
443 3486 572 3564 scriptor
587 3485 669 3544 vitae
686 3485 906 3545 Ambrosianus
923 3483 1119 3557 informabat,
1142 3494 1302 3565 quantum·

166 3591 211 3648 vis
225 3589 252 3648 is
268 3598 502 3646 commentorum
524 3586 620 3646 ferax.
640 3620 681 3629 ·—
705 3587 848 3647 Ceterum
863 3605 936 3646 acue
957 3587 1162 3667 potiusquam
1178 3592 1246 3645 aaut
1265 3608 1303 3647 ex

166 3689 239 3750 aaut?
254 3690 382 3761 efficias,
398 3698 432 3748 ut
444 3688 502 3747 Iul.
513 3698 556 3751 52.
576 3691 656 3766 Aug.
675 3697 714 3752 17.
730 3689 801 3752 Tib.
821 3701 860 3753 14.
874 3691 936 3749 Tit.
953 3701 969 3752 5
984 3699 1015 3748 et
1030 3690 1169 3762 sortasse,
1189 3689 1227 3749 de
1243 3709 1302 3768 quo

167 3813 278 3872 auceps
294 3791 448 3864 iudicium,
463 3792 521 3850 Iul.
536 3801 578 3855 66.
617 3793 721 3853 Semel
734 3802 850 3852 tantum
867 3794 897 3851 in
913 3792 1096 3851 Memmiana
1113 3792 1219 3851 codice
1235 3813 1301 3871 pro-

168 3893 260 3955 ditum
275 3901 345 3952 noui
356 3894 476 3972 reperio
492 3895 572 3972 Aug.
589 3902 638 3966 98,
654 3904 817 3973 praeterea
836 3894 874 3954 de
889 3895 966 3953 rhet.
986 3907 996 3957 Ι
1017 3903 1093 3953 extr.

249 3997 348 4056 Versu
368 3996 388 4056 ὅ
415 4001 442 4054 in
465 4002 511 4054 uia
525 4001 617 4071 Appia
638 3998 816 4075 pravissimo
839 3996 975 4055 instituto
991 3997 1196 4068 Burmannus,
1219 3995 1301 4075 quod

167 4099 257 4158 ctiam
290 4100 386 4175 magis
416 4100 523 4158 mirum
555 4096 804 4178 Oudendorpium
836 4118 986 4157 servasse.
1038 4098 1211 4179 Numquam
1240 4117 1301 4155 nou

167 4202 275 4260 omissa
300 4202 527 4281 praepositione
552 4200 672 4258 locutus
689 4199 868 4259 Suetonius:
892 4205 938 4257 aab
957 4206 1046 4275 Appio
1063 4199 1172 4260 Claud.
1196 4210 1225 4273 l,
1247 4200 1300 4257 vit.

166 4303 262 4362 Persii
284 4303 382 4381 (cuius
402 4304 554 4362 recentior
576 4301 695 4361 demum
716 4303 865 4380 interpres
888 4300 968 4379 apud
990 4301 1129 4359 Iahnium
1150 4323 1181 4380 p,
1202 4311 1253 4365 ‘239
1272 4306 1301 4358 in

168 4403 313 4484 addidit),
333 4407 405 4465 item
420 4407 451 4465 in
466 4406 531 4464 vita
545 4404 637 4464 Ennii
654 4402 736 4485 apud
749 4403 986 4484 Hieronymum,
1009 4401 1060 4463 vel
1076 4406 1169 4478 Appio
1185 4403 1298 4483 simpli·
