2964 5002
164 360 224 422 486
486 412 488 416 ,
578 377 611 418 111
625 376 723 418 vrran
740 374 888 416 recensu
953 423 957 430 ,

163 536 196 591 iu
212 534 336 592 Veneta
350 529 466 601 Aldina
488 530 562 587 anni
581 538 646 589 1555
667 527 820 586 Antonius
836 525 1006 585 Muretus
1028 528 1165 587 contulit.
1202 530 1304 591 Huius

165 619 245 691 enim
263 632 419 689 dumtaxat
435 630 514 688 duae
536 631 659 687 fuerunt
681 627 858 707 probabiles
881 626 1130 701 emendationes,
1153 650 1185 708 p.
1202 639 1252 703 27,
1274 641 1306 692 lo

163 752 260 792 raucam
277 737 417 798 diuinam,
440 741 521 804 31,8
543 734 627 789 urbe:
648 731 728 789 illius
748 750 811 789 una
835 730 902 787 sola
923 717 1033 788 Santra
1053 750 1083 808 p.
1099 740 1147 803 31,
1165 742 1200 793 10
1222 733 1305 791 inter

76 818 79 823 ¹
164 855 274 914 pravas
290 835 342 892 vel
357 833 479 891 inutiles
495 833 664 911 complures
680 853 711 910 p.
727 840 769 902 32,
789 842 829 892 15.
851 840 894 902 35,
911 840 937 892 1.
954 840 1028 904 5.·6,
1046 851 1106 910 quo
1123 833 1216 891 etiam
1232 854 1303 912 pro·

165 937 296 1015 positum
310 936 342 992 in
357 935 495 1009 margine
516 943 612 1011 psat,
628 941 643 995 7
666 936 715 1006 qui
728 936 794 1021 isira
804 935 922 1005 populis
938 936 1087 991 consultus
1099 936 1187 991 dabat
1208 937 1302 1013 perti·

165 1048 227 1097 nct.
272 1038 337 1094 Has
364 1044 464 1094 autem
490 1055 529 1093 ne
553 1035 619 1113 quis
646 1035 725 1091 forto
746 1035 779 1091 in
800 1035 1013 1092 Erasmianam
1033 1035 1182 1094 transisse
1205 1055 1244 1094 ex
1267 1055 1303 1094 ea

165 1127 378 1216 Stephaniana
403 1137 574 1215 suspicetur
600 1155 690 1215 quam
715 1155 776 1193 uno
803 1156 884 1194 anno
912 1145 985 1194 ante
1006 1136 1134 1198 Parisiis
1161 1138 1302 1196 emissam

46 1218 48 1223 ,
99 1243 101 1248 '
143 1229 331 1318 'prodidere
357 1237 637 1314 bibliographerum
662 1238 717 1295 filii
747 1237 821 1295 inde
848 1236 886 1295 ah
912 1219 1136 1296 Almeloveeno
1163 1237 1204 1296 de
1231 1240 1302 1298 vitis

166 1340 390 1419 Stephanornm
413 1338 527 1416 idmst.
552 1359 578 1395 a.
606 1336 684 1413 1683)
709 1338 845 1417 append.
873 1359 903 1417 p.
924 1344 940 1393 5
962 1339 1002 1396 ad
1025 1322 1246 1399 Renouardum
1270 1341 1302 1399 in

143 1471 151 1481 ·
168 1442 315 1500 ‘Annales
333 1441 372 1499 de
394 1440 600 1517 l'imprimerie
622 1440 678 1498 des
692 1440 860 1498 Estienne'
883 1439 965 1518 (Par.
983 1439 1110 1538 118131
1133 1451 1185 1499 t.1
1206 1462 1238 1520 p.
1253 1451 1302 1504 35:

79 1594 84 1604 .
166 1542 325 1602 sciendum
352 1550 399 1600 est
419 1542 500 1600 illius
522 1541 595 1599 anni
624 1550 688 1604 1531
711 1543 891 1601 Terentium
917 1541 1162 1620 Stephanianum
1188 1544 1303 1602 nullum

166 1665 308 1723 umquam
330 1644 483 1701 exstitisse
503 1642 618 1714 videri,
641 1651 675 1700 ut
698 1662 788 1721 quem
808 1644 965 1702 consultae
988 1663 1006 1701 a
1027 1663 1074 1702 me
1096 1642 1303 1704 bibliothecae

163 1747 351 1805 vlautissimae
367 1764 490 1822 prorsus
505 1745 663 1821 ignorent,
683 1764 741 1802 nec
757 1744 931 1804 Germanae
945 1753 1063 1803 tantum
1079 1745 1303 1806 Vindobonen·

167 1868 216 1905 ses
231 1847 426 1905 Monacensis
441 1845 651 1903 Berolinensis
668 1845 900 1922 Goettingensis
916 1844 1103 1904 Drasdensis
1118 1846 1304 1907 Heidelber-

167 1947 270 2024 gensis
287 1946 536 2006 Vratislaviensis
553 1948 623 2004 etsi
640 1947 814 2024 quacaliae
830 1956 902 2006 sunt
916 1949 1112 2021 Bornssicae,
1134 1949 1190 2008 sed
1213 1951 1304 2008 etiam

167 2048 330 2107 Leidensis
347 2057 439 2126 atque
454 2046 533 2106 adeo
549 2048 637 2127 ipsae
651 2048 821 2106 Parisinae.
892 2096 901 2119 ,
1006 2057 1019 2082 ·

251 2151 301 2208 Dc
326 2149 476 2209 Friderici
503 2127 816 2208 Lindenbruch'ii
843 2151 927 2210 curis'
947 2150 1077 2210 Rothins
1095 2138 1186 2211 'dixit
1205 2151 1305 2213 Musei

169 2253 269 2311 Rhea.
291 2252 311 2311 l.
333 2272 357 2310 s.
374 2272 398 2309 s.
420 2260 451 2329 p.
470 2258 534 2323 175,
559 2251 643 2329 ipsos
664 2250 784 2310 codices
806 2253 852 2310 illi
871 2253 971 2311 nullos
992 2261 1116 2331 praesto
1143 2254 1251 2314 fnisse'
1266 2255 1305 2314 ad

170 2353 382 2412 adornandam
398 2351 565 2410 editionem
580 2353 750 2410 Parisinam
766 2355 840 2412 anni
859 2362 925 2416 1602
941 2353 1094 2431 (iteratam
1108 2357 1306 2416 Francofurti

170 2477 197 2514 a.
214 2453 294 2530 1623)
313 2454 486 2532 disputans,
507 2453 564 2511 sed
581 2464 740 2532 excerptas
755 2463 872 2512 tantum
888 2474 905 2513 e
920 2455 1012 2513 variis
1029 2454 1185 2515 codicibus
1202 2459 1306 2518 lectio·

171 2578 241 2628 nes,
269 2577 343 2636 quas
369 2558 397 2614 ei
412 2557 463 2641 vel
479 2556 678 2613 conlectanea
700 2556 851 2634 quaedam
870 2556 1076 2615 bibliothecae
1098 2559 1233 2636 Regiae,
1256 2562 1307 2620 vel

170 2660 253 2736 typis
276 2678 421 2735 expressa
443 2658 630 2735 exemplaria
651 2658 848 2716 Pithoeorum
869 2659 1027 2717 Francisei
1048 2659 1211 2738 Patrique,
1236 2683 1307 2720 con-

171 2762 232 2818 lata
254 2780 289 2816 ea
312 2779 377 2816 eum
392 2781 446 2816 rns.
468 2758 886 2817 00111011101111110111100111ἰὶ
909 2768 939 2816 et
960 2759 1064 2818 Iacobi
1082 2760 1201 2819 Cuiacii
1222 2772 1307 2821 antc-

171 2882 321 2919 ccssorurn
348 2861 599 2930 Bituricensium,
630 2860 680 2916 vel
705 2859 839 2917 schedae
866 2862 950 2918 Petri
977 2863 1118 2920 Danielis
1145 2864 1307 2923 Aureliani

173 2962 395 3039 praeterissent.
441 2963 481 3019 Et
508 2961 562 3017 has
591 2960 714 3039 quidem
735 2962 870 3029 ,schedas
897 2962 936 3019 ad
961 2964 1059 3040 ipsum
1085 2965 1259 3023 Parisinunr
1285 2970 1308 3023 Α

171 3072 325 3140 spectasse
353 3065 426 3121 satis
449 3065 605 3120 confirmat
627 3084 793 3120 consensus
815 3066 1066 3123 testimoniorum.
1110 3067 1194 3124 Hinc
1216 3069 1309 3144 igitur

172 3165 314 3241 estquod
331 3167 423 3222 vitam
437 3156 575 3223 Terentii
595 3164 776 3242 quibusdam
791 3166 821 3221 in
839 3166 926 3237 locis,
944 3186 1048 3223 venum
1065 3168 1108 3224 eis
1124 3177 1229 3226 tarnen
1246 3191 1308 3228 non

170 3266 288 3336 multia,
312 3267 551 3324 ernernlatiorenr
575 3265 685 3337 edidit,
709 3267 794 3324 velut
818 3267 948 3344 receptis
971 3287 1049 3345 quae
1066 3269 1219 3346 Stephani
1235 3274 1308 3330 arni-

172 3388 222 3424 cus
239 3369 418 3442 neglexerat
434 3389 463 3444 p.
481 3377 530 3438 26,
546 3378 563 3429 8
578 3372 652 3423 iuter·
665 3372 766 3439 linem,
789 3376 830 3439 27,
847 3377 905 3428 iel
920 3371 949 3425 C.
967 3372 1077 3434 Laelio,
1100 3379 1148 3442 29,
1166 3375 1308 3442 81111111,

171 3479 218 3538 31,
239 3477 269 3528 12
286 3471 313 3524 C.
332 3471 472 3541 Sulpicio,
489 3479 535 3540 32,
556 3480 586 3530 13
602 3472 767 3535 Cosconius,
792 3479 838 3541 33,
856 3477 872 3528 2
887 3475 1083 3542 sarcinarum,
1107 3482 1122 3532 5
1135 3475 1215 3544 post.
1259 3476 1309 3532 Do

173 3569 310 3647 ‹pradibus
328 3591 405 3648 qrrae
423 3573 489 3648 ipse
510 3591 664 3649 perpauca
680 3571 841 3648 adscripsit
863 3572 1000 3629 codiculo
1020 3573 1210 3646 testimonia,
1237 3596 1309 3654 quo·

173 3672 253 3728 uiam
271 3684 301 3728 et
317 3672 409 3729 valde
426 3671 567 3748 ambigua
583 3682 653 3730 surrt
669 3692 726 3730 uec
749 3674 829 3729 omni
847 3694 884 3730 ex
901 3684 987 3750 parte
1004 3694 1092 3745 verit,
1116 3695 1176 3752 quo
1199 3678 1310 3734 certius

173 3773 299 3830 aliorum
315 3794 432 3831 errores
450 3774 597 3851 quosdam
614 3793 739 3845 caveas,
757 3775 853 3851 ipsius
869 3774 963 3832 verba
979 3761 1059 3831 infra
1075 3774 1216 3852 posui*).

256 3973 280 4034 ³³)
300 3975 446 4023 Δ1111110111111
466 3974 537 4021 enim
556 3974 626 4023 tales
640 3991 744 4025 errores
758 3991 789 4023 cx
809 3992 840 4022 eo
859 3976 1040 4039 potissimum,
1061 3977 1131 4039 qnod
1151 3979 1312 4029 testimonia

175 4059 222 4107 illa
241 4059 358 4116 velalia
376 4058 419 4106 vel
439 4059 609 4106 auctiorain
630 4061 856 4108 Francofurtensi
874 4076 899 4124 p.
913 4058 961 4108 1131
981 4076 1019 4123 sq.
1040 4076 1120 4123 qurun
1140 4062 1168 4110 in
1182 4064 1313 4113 Parisina

174 4161 198 4207 p.
219 4144 266 4192 1121
287 4160 324 4206 sq.
352 4147 474 4190 exstant:
500 4144 724 4206 quemruhnodurn
749 4146 832 4193 etiarn
857 4144 948 4192 Contii
967 4144 1129 4209 Cniaciique
1154 4150 1260 4198 mentio
1285 4150 1313 4198 in

175 4228 288 4276 alterins
312 4227 417 4274 doraum
438 4226 566 4275 editionis
584 4229 756 4291 praefatione
781 4229 909 4276 accessit.
946 4230 1043 4292 ltaque
1066 4231 1313 4282 llrancofurtensis

175 4327 352 4375 spriaecunque
371 4310 414 4357 vel
435 4309 610 4374 01111111111-1-’1
634 4311 677 4360 vel
698 4314 813 4360 mutarit
832 4313 885 4373 (=)
909 4313 986 4360 runcis
1010 4316 1110 4378 saepsi.
1132 4340 1161 4348 -—
1183 4316 1214 4365 P.
1235 4317 1277 4377 31,
1297 4317 1314 4366 8

175 4398 214 4443 Er
234 4412 281 4451 err
306 4397 526 4455 censvcnarnvs)
551 4412 610 4445 nss.
637 4397 710 4446 Catius
728 4398 878 4446 coasalara'b.
904 4394 948 4460 [z
959 4411 1003 4444 ns.
1024 4413 1049 4445 n.
1076 4399 1149 4447 Graias
1168 4403 1311 4450 consulari·
