2964 5002
162 342 235 413 tii
580 362 892 409 uerrucarum
924 392 927 397 -

163 520 318 600 ticipuret,
336 522 399 579 retr
412 516 509 601 ipsius
527 519 614 577 retus
637 514 815 595 ‘neglectis'
835 516 891 577 rel
910 517 919 579 .‘
925 516 1120 597 postpositis,
1140 517 1298 597 posthabi-

164 622 219 683 tia’
236 620 280 681 ad
290 620 427 700 iuopiaui
441 638 511 681 esse
524 618 667 679 redactus
682 617 846 679 diceretur.
887 618 1027 698 Eamque
1047 618 1149 698 ipsum
1168 619 1203 679 in
1218 620 1299 679 viam

163 731 254 783 vetus
274 742 332 783 nos
346 721 504 781 Parisinus
523 720 622 795 ducit,
646 739 665 779 e
685 720 770 779 cuius
784 720 936 799 scriptura
949 720 1053 779 utatis
1065 736 1138 779 rrae
1149 729 1220 795 port
1232 724 1300 781 sua·

163 828 231 884 latis
257 824 415 885 leuissima
438 823 679 903 transpositione
704 821 834 895 eruitur,
860 820 945 901 qnod
972 841 991 881 s
1015 821 1126 883 Porcio
1153 823 1302 903 scriptum

166 946 235 987 esee
248 946 305 1007 pro
319 926 404 985 certo
418 924 614 999 affirmemuu
635 927 740 983 ιιείιιίίι
751 940 837 991 suaa,
855 916 872 1003 ss
891 924 960 983 Setis
974 926 1110 999 pullatis
1121 926 1210 983 rotas
1224 943 1252 984 e.
1268 942 1300 1004 q.

60 1036 65 1047 “
164 1049 189 1091 s.
231 1029 338 1108 Ipsum
347 1030 491 1101 portiom
510 1024 691 1087 uocabulum
705 1025 849 1105 quotiens
869 1023 1112 1107 velusurpetum
1131 1042 1152 1083 a
1171 1024 1302 1104 scripto·

165 1128 248 1191 ribus
262 1130 349 1191 vela
369 1126 501 1191 librariis
515 1127 706 1189 obscuratum
725 1127 780 1201 sit,
800 1124 923 1187 idoneis
943 1126 1093 1207 exemplis
1113 1122 1302 1187 Oudendor-

137 1248 140 1257 ·
166 1231 235 1311 pius
253 1229 605 1309 macuritarum.
626 1228 701 1293 cll
720 1228 834 1290 docuit.
858 1258 901 1271 -
921 1225 1065 1289 (letarum
1090 1227 1132 1289 ad
1151 1226 1302 1289 nobilium

166 1330 338 1393 inlecebrae
352 1331 423 1393 illos
437 1338 471 1391 nt
484 1333 589 1412 paucis
611 1330 787 1404 redeamus,
807 1332 959 1389 Albanum·
968 1330 1052 1389 cuius
1073 1327 1168 1389 fuerit
1184 1329 1303 1389 incom-

166 1440 286 1513 pertum
299 1430 399 1494 nobis.
437 1430 587 1495 Fortasse
607 1433 704 1514 ipsius
719 1430 873 1511 Scipionis
880 1452 894 1491 :-
908 1431 957 1491 cui
976 1432 1171 1491 coniecturae
1190 1430 1303 1491 saltem
1331 1466 1336 1475 ·

165 1533 244 1597 illud
257 1554 323 1595 non
337 1532 440 1594 obstet
453 1534 537 1614 quod
552 1533 707 1615 Scipionis
721 1534 782 1593 iam
801 1541 875 1593 ante
893 1532 1009 1593 mentio
1029 1532 1112 1593 lactc
1125 1540 1183 1593 est.
1209 1532 1302 1594 sam

167 1637 249 1697 enim
268 1634 432 1696 'commode
447 1674 452 1683 -
464 1643 537 1715 poet
561 1634 755 1715 Scipionem,
784 1634 926 1707 Furium,
953 1633 1093 1695 Laelium
1120 1632 1303 1713 singillatim

166 1746 428 1810 commemoratos,
454 1744 488 1795 ut
513 1737 643 1817 quos-in
662 1734 738 1795 urbe
758 1744 854 1815 poeta
872 1735 1012 1815 singulos
1031 1734 1163 1809 coleret,
1190 1743 1302 1816 quarto

108 1884 113 1903 .
165 1839 232 1917 loco
252 1838 360 1899 inferri
381 1836 545 1898 cuiuslibet
565 1837 641 1899 uilla
661 1837 761 1916 potuit
785 1844 941 1917 tamquam
962 1854 1121 1923 commune
1135 1837 1303 1897 amicorum
1335 1870 1338 1875 ·

106 2012 109 2017 4
165 1940 285 2001 illorum
310 1939 443 1999 omnium
464 1937 700 1999 conciliabulum
722 1938 890 2021 voluptatis
917 1938 1168 2018 deliciarumque.
1211 1938 1303 2018 Quae

165 2042 192 2103 si
206 2041 284 2101 ratio
305 2040 388 2100 inter
400 2059 431 2099 v.
447 2046 473 2101 2.
488 2048 506 2105 3
520 2047 552 2101 et
564 2046 630 2102 ut
649 2038 814 2100 intercedit
835 2038 921 2119 (uam
940 2041 1038 2121 primo
1056 2058 1151 2101 versu
1169 2060 1301 2120 genera·

164 2143 234 2217 tim,
258 2160 338 2223 quae
360 2158 417 2220 per
438 2149 543 2221 partes
565 2142 759 2221 explicantur
780 2140 944 2221 deinceps,
973 2139 1301 2221 comprehenduntur),

165 2244 258 2303 etiam
278 2243 402 2323 planius
425 2242 617 2321 intellegitur
642 2262 733 2324 quem
757 2263 776 2303 a
800 2243 931 2303 veritate
955 2242 1119 2303 abhorreat
1142 2242 1304 2305 Ilotbisna

164 2330 260 2419 ratio,
284 2345 337 2425 qui
361 2344 430 2424 ipso
446 2352 555 2424 quarto
577 2364 670 2405 umen
689 2342 850 2425 epodosim
863 2344 929 2405 fieri
950 2344 1183 2423 praemissarum
1197 2354 1303 2425 prote·

164 2447 242 2509 aium
255 2445 315 2509 sibi
329 2445 483 2526 persuasit
496 2465 620 2525 prorsus
634 2444 822 2511 mirabiliter.
1041 2435 1047 2447 ’

248 2548 324 2626 Peg.
340 2547 397 2621 28,
411 2546 432 2607 2
447 2548 499 2627 qui
513 2546 684 2628 insequitur
698 2567 818 2621 versus,
835 2548 868 2609 iu
882 2547 1023 2608 Parisino
1038 2554 1070 2607 ta
1126 2555 1189 2624 est:
1203 2553 1302 2625 itaqua

165 2669 204 2709 ex
214 2660 369 2725 conspectu
379 2653 502 2707 omrrium
513 2652 706 2725 adilprccicm
718 2634 867 2708 interram
883 2654 1019 2712 ultimam.
1046 2648 1106 2710 Vbi
1123 2651 1169 2710 sic
1186 2650 1301 2713 discre-

166 2762 243 2832 pant
260 2753 370 2825 ceteri,
386 2759 419 2810 ut
437 2749 574 2830 (praeter
593 2769 608 2810 c
630 2752 756 2812 formam
768 2772 825 2831 pro
842 2768 883 2810 ex
899 2749 1102 2830 substitutam)
1120 2754 1173 2812 vel
1188 2757 1257 2813 abiit
1271 2761 1301 2813 ιἰι

164 2859 310 2931 praecium
322 2862 431 2911 terram
442 2853 576 2932 prodant
588 2854 638 2913 vel
649 2855 717 2911 dbiit
729 2858 759 2912 iu
768 2858 895 2929 precium
910 2859 939 2913 in
952 2863 1059 2913 terram
1071 2855 1122 2913 vel
1133 2859 1192 2913 abit
1204 2853 1300 2934 (abiit)

165 2963 194 3016 ιἰι
204 2961 330 3032 precium
344 2956 455 3014 omissa
469 2965 578 3014 terram
589 2975 681 3015 voce:
693 2965 727 3015 ut
736 2957 854 3017 incerta
865 2955 941 3016 sede
958 2956 1103 3016 fluctuare
1120 2960 1150 3015 tu
1164 2961 1301 3036 'praepo-

165 3059 308 3119 sitionem
320 3067 478 3136 appareat.
500 3058 641 3116 Numeris
657 3067 757 3117 autem
773 3079 833 3138 quo
849 3059 924 3118 satis
935 3060 1001 3132 fiat,
1019 3058 1097 3118 duae
1109 3058 1196 3117 solae
1208 3059 1301 3118 corri-

165 3159 259 3238 gendi
275 3161 343 3218 viae
359 3167 483 3238 patent:
499 3168 551 3218 aut
561 3168 595 3218 ut
609 3159 677 3218 tete
695 3160 847 3219 Graeciam
870 3161 901 3218 r'a
918 3170 1027 3218 terram
1046 3160 1193 3239 probetur
1205 3171 1258 3221 aut
1268 3170 1302 3221 ut

165 3263 224 3321 doit
233 3266 262 3318 in
271 3262 421 3320 Grae'cidm
433 3271 540 3320 terram
548 3286 562 3353 ε.
570 3262 670 3320 nullus
683 3270 730 3320 est
742 3263 823 3322 enim
833 3282 922 3341 quam
930 3263 1059 3322 Rothius
1067 3282 1191 3321 versum
1200 3263 1299 3322 finxit.

164 3364 271 3423 Vtrum
282 3344 427 3441 praestet,
441 3384 503 3423 non
517 3371 563 3422 est
574 3362 697 3423 difficile
710 3363 860 3423 iudicatu:
873 3363 1060 3443 perindevel
1072 3368 1130 3422 abit
1141 3366 1301 3444 praesenti

165 3473 303 3542 tempore
319 3465 371 3524 vel
383 3465 520 3543 perfecto
532 3469 600 3523 obiit
611 3464 776 3534 dicebatur,
791 3486 853 3525 non
865 3465 996 3544 perinde
1008 3470 1036 3524 iu
1047 3468 1237 3545 praepositio
1249 3466 1300 3526 vel

165 3565 415 3645 praemittebatur
421 3568 472 3626 vel
483 3567 586 3633 media
596 3567 796 3627 inserebatur.
812 3569 891 3628 Nasu
902 3569 1025 3646 poetico
1035 3576 1153 3627 tantum
1163 3569 1299 3641 artificio,

166 3669 256 3747 quale
272 3667 310 3726 ab
325 3668 383 3727 hoc
397 3689 513 3746 genere
528 3670 695 3728 litterarum
716 3670 934 3759 alienissimum
954 3677 1016 3743 cst,
1038 3659 1081 3728 sic
1102 3669 1187 3749 loqui
1210 3673 1301 3728 Grae—

164 3774 237 3828 ciam
253 3774 283 3828 tn
298 3779 407 3850 terrum
422 3771 520 3845 licuit,
544 3792 633 3850 quem
653 3770 693 3830 ad
708 3770 830 3831 modum
845 3773 994 3830 Celtiberia
1014 3775 1043 3828 in
1063 3780 1143 3828 terra
1162 3770 1300 3831 Catullus

164 3861 214 3942 1³39,
239 3877 269 3932 17
294 3871 385 3931 dixit:
409 3877 439 3929 ia
464 3875 613 3931 Graeciam
634 3881 743 3931 terrum
775 3872 840 3951 (vel
861 3875 952 3932 etiam
971 3872 1110 3931 usitatius
1139 3876 1167 3930 in
1191 3880 1300 3943 terrum

165 3971 329 4050 Graeciam)
357 3992 467 4051 prosae
489 3975 636 4034 orationis
657 3976 883 4055 simplicitatem
904 3993 1031 4034 servans
1047 3973 1172 4032 castitas
1187 3994 1302 4035 sermo

163 4077 212 4135 nis
236 4074 356 4154 antiqui
380 4075 571 4153 postulabat,
597 4079 675 4136 sicut
699 4078 732 4136 in
753 4079 929 4137 Trinummo
957 4079 1072 4134 aduecti
1097 4078 1138 4132 ud
1162 4079 1301 4135 Arabium

164 4186 273 4235 terram
286 4194 386 4235 sumus
400 4176 527 4237 Plautus
543 4177 620 4238 dixit
635 4197 664 4236 v.
680 4187 746 4252 933,
770 4181 907 4239 Arabiam
925 4182 965 4237 ad
985 4187 1096 4264 terram
1116 4197 1181 4236 uon
1202 4178 1301 4256 magis

165 4279 264 4356 potuit
293 4298 398 4357 quam,
427 4279 479 4357 qui
505 4288 628 4358 poetam
652 4300 715 4339 non
742 4291 863 4358 ageret,
892 4282 1024 4339 Rhenum
1049 4284 1079 4337 ia
1101 4282 1225 4354 fllaciam
1249 4280 1301 4340 vel

164 4383 363 4439 Aluuaudram
379 4383 419 4438 ud
429 4383 529 4454 filium.
560 4381 627 4440 Nec
641 4381 744 4453 aliter,
761 4383 813 4459 qui
830 4382 956 4443 Catonis
972 4381 1182 4461 Varronisque
1198 4400 1301 4441 exem·
