2964 5002
168 338 227 400 150
667 350 799 393 rasura

165 522 334 589 usquequo
354 501 466 563 ueniat
487 499 528 563 ad
551 520 712 562 occasum.
755 498 862 584 spatia
882 496 948 560 diei
969 495 1034 559 duo
1056 505 1134 560 sunt
1154 495 1312 562 interdia-

165 625 242 667 num
262 612 294 665 et
312 610 520 679 nocturnum,
545 609 576 664 et
598 608 649 664 est
664 599 734 663 dies
755 600 908 664 horarum
929 596 1071 661 XXIIII
1092 598 1235 684 spatium
1257 620 1312 662 au-

168 802 289 865 δόσεας·
325 798 399 857 καθ’
423 800 521 869 ἕτερον
545 799 576 855 dl
599 797 707 868 τρόπον
732 797 825 870 ἡμέρα
849 800 959 869 λέγεται
984 795 1086 883 χρόνος
1109 794 1124 853 ό
1149 793 1206 869 ἄρ’
1229 796 1313 869 ἡλίου

167 870 309 940 α’νατοίῆς
332 869 430 939 μέχρις
451 867 537 939 ἡλίου
554 860 644 931 αὖθις
662 863 814 952 οἷνατοίῇς.
846 867 902 923 ἔστι
922 865 954 922 dl
976 865 1070 937 ημὲρα
1087 864 1161 920 κατόι
1179 864 1230 949 τόν
1248 863 1313 950 ζεό-

167 959 250 1007 τερον
274 935 381 1005 τρόπον
404 941 455 991 τοῦ
481 934 588 1006 κόσμου
615 955 791 1004 περιστροφη
819 937 868 990 καὶ
897 938 947 1020 τῆς
974 937 1162 1004 περιφερείας
1185 955 1223 1004 ην
1247 954 1313 1004 οη-

168 1013 227 1068 troc
249 1008 415 1076 μεταβαίνει
439 1001 616 1067 ὑπεναντίως
640 1001 807 1072 κινούμενος
834 1007 873 1072 τῷ
895 1022 989 1071 κοσμῳ
1018 998 1049 1057 ἕν
1073 1005 1108 1071 τῇ
1137 1005 1314 1072 περιστροφῇ

84 1112 90 1120 ‚
168 1078 220 1128 τοῦ
243 1071 352 1143 κόσμου
371 1114 470 1127 ......
490 1069 563 1126 κατὰ
589 1070 620 1126 dl
645 1069 695 1126 τόν
718 1068 853 1138 δεύτερον
875 1067 982 1140 τρόπον
1005 1073 1055 1139 τῆς
1074 1068 1240 1138 διαιρέσεως
1258 1073 1315 1123 τῶν

168 1138 283 1212 ἡμερῶν
305 1139 355 1195 τόν
373 1138 426 1209 μὲν
447 1143 526 1210 μῆνα
545 1139 663 1208 λέγομεν
681 1137 758 1193 εἶναι
777 1134 891 1208 ἡμερῶν
909 1135 942 1207 λ’,
966 1135 1017 1191 τόν
1036 1136 1068 1191 dl
1093 1133 1228 1191 ἐνιαυτόν
1246 1132 1314 1208 ἡμε-

169 1247 226 1312 ρῶν
243 1230 319 1346 τξεέ.
351 1240 409 1296 ἔστι
432 1238 465 1296 δὲ
483 1238 515 1295 τό
533 1238 752 1311 συναμφότερον
773 1237 825 1306 νόξ
848 1243 898 1294 καί
921 1234 1015 1310 ἡμέρα
1034 1235 1137 1308 χρόνος
1154 1232 1237 1306 deae
1253 1236 1314 1306 κδ’,

169 1357 319 1432 ίσημερινὴ
339 1357 371 1415 δὲ
389 1353 448 1429 όόρα
466 1357 498 1412 τό
513 1330 550 1448 ᾗ
567 1358 653 1428 μέρος
670 1361 721 1412 τοῦ
739 1354 844 1429 χρόνου
867 1360 919 1411 τοῦ
936 1354 1134 1426 συναγομένου
1157 1352 1188 1412 ἔτι
1213 1355 1315 1419 νυκτός

169 1463 220 1518 καὶ
240 1459 358 1532 ἡμέρας.
387 1466 514 1529 Hyginus
533 1468 564 1515 P.
584 1464 616 1513 Α.
636 1464 693 1513 IIII
713 1462 757 1512 la:
783 1465 873 1513 ‘Diem
892 1453 972 1513 uobis
990 1462 1165 1524 definierunt,
1185 1463 1315 1527 quamdiu

170 1536 211 1586 sol
231 1535 265 1583 ab
290 1540 385 1583 exortu
405 1533 440 1582 ud
459 1548 588 1582 occasum
606 1530 770 1597 perueniat!
807 1530 973 1580 Censorinus
991 1529 1038 1591 2²3,
1059 1529 1082 1580 I.
1101 1531 1130 1578 2:
1168 1529 1315 1595 ‘Superest

169 1618 260 1669 pauca
284 1603 317 1651 de
341 1602 384 1650 die
408 1600 501 1649 dicere
526 1601 571 1664 qui
593 1606 623 1648 ut
645 1600 747 1648 mensis
772 1605 799 1648 et
820 1614 908 1649 annus
931 1599 1029 1663 partim
1053 1597 1191 1647 naturalis
1215 1598 1314 1663 partim

171 1671 262 1720 ciuilis
286 1675 336 1718 est.
377 1668 513 1717 naturalis
536 1668 595 1716 dies
619 1675 662 1715 est
686 1672 792 1731 tempus
816 1667 851 1717 ab
875 1667 1015 1715 exoriente
1039 1666 1097 1716 sole
1126 1665 1161 1713 ad
1185 1665 1253 1720 solis
1271 1681 1315 1714 oe·

170 1753 277 1798 casum,
309 1737 386 1785 cuius
410 1736 575 1785 contrarium
599 1740 705 1798 tempus
730 1739 772 1784 est
793 1751 846 1784 nox
865 1734 900 1783 ab
924 1749 1026 1783 occasu
1043 1732 1111 1783 solis
1129 1731 1165 1781 ad
1183 1738 1315 1782 exortum.

171 1804 263 1854 ciuilis
282 1809 373 1853 anum
392 1803 452 1852 dies
470 1808 586 1852 uocatur
603 1808 710 1866 tempus
734 1802 805 1866 quod
825 1801 856 1850 fit
878 1816 932 1852 uno
956 1800 1028 1851 caeli
1053 1802 1239 1862 circumactu,
1265 1816 1316 1865 quo

172 1872 231 1921 dies
249 1886 331 1920 uerus
351 1876 378 1920 et
396 1886 448 1919 nox
468 1871 632 1930 continetur,
651 1876 681 1917 ut
699 1884 761 1918 cum
774 1870 890 1918 dicimus
903 1869 1023 1932 aliquem
1041 1868 1101 1917 dies
1114 1869 1191 1916 XXX
1209 1873 1317 1917 tantum

170 1939 287 1988 uixisse:
307 1938 470 2002 relinquitur
489 1938 664 1988 enimetiam
683 1942 779 1986 noctes
796 1935 979 2001 intellegere)
1010 1934 1121 1984 Servius
1134 1936 1202 1984 Aen.
1216 1935 1240 1983 V
1253 1934 1316 1985 738:

172 2006 241 2054 ‘dies
266 2010 308 2053 est
331 2005 442 2069 plenus,
467 2006 513 2069 qui
536 2004 623 2053 habet
644 2004 726 2053 boras
749 2005 851 2069 uiginti
875 2007 1010 2068 qrrattuor.
1047 2018 1111 2052 nam
1136 2009 1164 2052 et
1182 2018 1235 2052 nox
1253 2012 1317 2068 pa'rs

172 2073 228 2122 diei
252 2076 301 2121 est.
344 2072 458 2121 dicimus
478 2077 568 2122 autem
587 2071 660 2121 diem
679 2077 792 2135 aparte
810 2068 948 2121 meliore.'
970 2071 1101 2119 —Varro
1124 2070 1157 2118 L.
1177 2071 1209 2120 L.
1229 2071 1268 2119 Vl
1285 2071 1315 2119 4:

173 2141 249 2189 ‘Duo
273 2144 361 2189 motus
383 2144 460 2189 solis:
496 2144 563 2189 alter
584 2156 638 2188 cum
661 2142 748 2200 caelo,
771 2155 820 2204 qao
842 2139 874 2187 ab
896 2141 995 2188 oriente
1017 2141 1054 2187 ad
1074 2153 1203 2187 occasum
1230 2139 1317 2200 uenit,

173 2224 225 2272 quo
249 2214 355 2271 tempus
383 2206 411 2255 id
435 2207 539 2257 abhoc
563 2207 614 2257 deo
637 2207 697 2256 dies
721 2204 897 2272 appellatur!
913 2233 946 2242 —
962 2206 1128 2255 Censorium
1146 2204 1189 2267 23,
1208 2204 1225 2254 6
1243 2221 1317 2271 sqq:

173 2277 216 2324 ‘in
237 2275 321 2324 horas
344 2275 397 2324 XII
421 2274 538 2323 diuisum
562 2290 623 2324 esse
646 2274 720 2324 diem
739 2280 901 2338 noctemque
926 2275 954 2322 in
982 2274 1096 2323 totidem
1118 2274 1202 2339 uulgo
1226 2280 1318 2323 notum

173 2349 227 2392 est:
264 2342 312 2392 sed
335 2342 387 2393 boc
412 2342 494 2392 credo
517 2343 619 2391 Romae
644 2347 704 2407 post
731 2347 841 2407 reperta
864 2341 968 2392 solario
985 2341 1168 2391 obseruatum.
1207 2356 1320 2406 quorum

174 2411 393 2474 antiquissimum
419 2409 489 2474 quod
517 2411 603 2460 fuerit
630 2410 744 2458 inuentu
768 2408 883 2458 difficile
913 2413 967 2458 est:
1005 2407 1054 2457 alii
1079 2409 1151 2457 enim
1176 2409 1248 2473 apud
1273 2424 1318 2458 ae·

173 2479 234 2527 dem
248 2479 358 2540 Quirini
369 2479 485 2542 primum
498 2482 630 2526 statutum
644 2478 748 2537 dicunt,
764 2477 813 2526 alii
826 2478 854 2525 in
867 2476 1013 2542 Capitolio,
1033 2475 1159 2525 nonnulli
1173 2475 1319 2525 adsedem

173 2546 282 2594 Dianae
301 2547 330 2594 in
343 2546 489 2594 Auentino.
520 2544 669 2593 illudentis
682 2550 800 2604 constat,
819 2544 922 2592 nullum
935 2544 963 2593 iu
976 2544 1036 2592 foro
1048 2544 1124 2607 prius
1137 2544 1225 2593 fuisse
1238 2559 1319 2608 qnam

174 2615 201 2663 id
221 2613 291 2678 quod
308 2615 345 2662 M.
364 2613 492 2661 Valerius
517 2628 550 2661 ex
569 2611 668 2660 Sicilia
691 2612 837 2661 aduectum
861 2612 896 2660 ad
914 2617 1002 2660 rostra
1027 2612 1054 2659 iu
1074 2612 1201 2660 columna
1218 2612 1319 2675 posuit.

174 2682 244 2745 ‹prrod
264 2697 324 2730 cum
345 2680 379 2729 ad
398 2681 481 2729 clima
499 2679 613 2728 Siciliae
633 2679 798 2743 descriptum
814 2677 940 2727 adhoras
953 2679 1056 2728 Itomae
1076 2694 1129 2727 nou
1148 2680 1318 2740 conueniret,

174 2751 205 2796 L.
226 2749 369 2812 Philippus
389 2763 486 2796 censor
506 2747 580 2795 aliud
594 2747 670 2795 iuxta
684 2747 836 2795 coustituit.
868 2746 967 2795 deiude
982 2746 1124 2809 aliquanto
1138 2752 1200 2811 post
1209 2747 1239 2796 P.
1255 2747 1318 2796 Cor·

175 2817 263 2864 uellus
282 2816 385 2863 Nasica
405 2830 502 2863 censor
521 2832 553 2862 ex
573 2830 645 2877 aqua
664 2815 732 2863 fecit
749 2814 896 2875 horarium,
916 2815 986 2877 quod
1006 2819 1033 2862 et
1051 2815 1139 2878 ipsum
1158 2830 1191 2862 ex
1204 2829 1318 2863 consue·

175 2884 268 2932 truline
287 2882 419 2931 noscendi
437 2898 452 2930 a
472 2883 528 2931 sole
547 2882 627 2931 horas
646 2882 775 2931 solarium
795 2887 921 2946 coeptum
940 2882 1043 2930 uocari.
1079 2881 1206 2930 horarum
1221 2897 1319 2931 nornen

174 2967 228 2998 noa
254 2951 341 2998 minus
367 2965 452 2998 anuos
476 2955 615 2999 trecentos
633 2950 736 2999 Itomae
760 2949 912 3014 ignoratam
937 2964 997 2999 esse
1018 2948 1150 2997 credibile
1175 2955 1231 2998 est:
1257 2965 1319 2998 nam

175 3017 227 3065 Xll
251 3017 354 3065 tabulis
377 3032 511 3082 nusquam
530 3019 685 3066 nominatas
709 3017 788 3065 horas
807 3017 934 3065 inuenies
958 3017 1033 3064 utin
1053 3016 1116 3065 aliis
1135 3021 1233 3081 postea
1251 3017 1319 3087 legi-

175 3085 233 3140 bus,
254 3084 301 3132 scd
321 3089 385 3133 ante
404 3085 555 3146 meridiem,
577 3100 609 3134 eo
627 3083 761 3133 uidelicet
780 3084 850 3149 qnod
869 3089 961 3149 partes
981 3084 1037 3133 diei
1055 3084 1185 3132 bifariam
1205 3090 1262 3133 tum
1280 3085 1319 3133 di·

174 3153 226 3200 uisi
248 3153 376 3202 meridies
395 3152 580 3202 discernebat.
601 3152 650 3200 alii
668 3152 740 3200 diem
760 3152 971 3216 quadripartim,
991 3151 1040 3200 sed
1055 3157 1082 3200 et
1100 3158 1210 3201 noctem
1224 3152 1320 3201 simili-

175 3225 218 3268 tor
236 3219 406 3269 diuidebant.
445 3220 526 3285 idque
551 3220 718 3269 cousuetudo
737 3225 855 3269 testatur
873 3218 1016 3281 militaris,
1035 3219 1082 3268 ubi
1102 3219 1202 3268 dicitur
1221 3219 1321 3284 uigilia

174 3288 277 3351 prima,
303 3288 368 3336 item
388 3288 509 3337 secunda
534 3295 561 3336 et
579 3288 663 3336 tert-ia
682 3293 710 3336 et
729 3285 850 3351 quarta'
891 3287 1053 3336 Desolario
1073 3288 1109 3335 cf.
1129 3287 1216 3337 Varro
1236 3288 1267 3336 L.
1288 3288 1319 3336 L.

175 3355 192 3402 l.
219 3372 258 3402 c.:
295 3355 440 3404 ‘Solarium
465 3357 568 3405 dictum
592 3355 618 3403 id
642 3356 671 3403 in
695 3371 746 3418 quo
763 3355 847 3403 horae
868 3355 895 3402 in
914 3354 969 3404 solo
990 3355 1223 3419 inspiciebantur,
1250 3354 1321 3419 quod

176 3423 319 3471 Cornelius
339 3424 366 3471 iu
386 3424 505 3473 basilica
523 3423 643 3471 Aemilia
663 3429 690 3471 et
707 3423 807 3471 Fuluia
827 3421 1012 3470 inumbrauit.'
1048 3422 1155 3471 Plinius
1168 3423 1200 3470 N.
1215 3422 1250 3471 H.
1270 3422 1321 3470 VII

175 3489 225 3537 ‘212’
244 3506 318 3554 sqq:
339 3492 435 3540 'serius
449 3492 532 3539 otiam
545 3490 597 3539 hoc
617 3490 654 3551 (at
664 3491 743 3539 horae
756 3488 964 3551 observarentur)
978 3490 1080 3540 Rornae
1095 3491 1224 3554 contigit.
1256 3491 1320 3541 duo·

176 3558 264 3605 decim
284 3559 387 3607 tubulis
406 3565 481 3607 ortus
500 3563 605 3606 tautum
624 3562 652 3605 et
670 3573 786 3606 occasus
810 3558 997 3619 nominantur,
1022 3563 1082 3622 post
1107 3557 1212 3622 aliquot
1237 3573 1321 3607 annos

177 3625 300 3674 adiectus
321 3631 363 3674 est
382 3633 408 3674 et
422 3626 559 3680 meridies.
581 3640 701 3674 accensu
715 3625 856 3674 consulum
869 3625 896 3673 id
915 3625 1118 3689 pronuntiante,
1139 3641 1200 3673 cum
1215 3641 1231 3673 a
1245 3626 1323 3674 curia

177 3694 249 3740 iuter
268 3694 367 3756 Rostra
386 3700 414 3741 et
433 3693 638 3741 Graecostasim
656 3694 842 3757 prospexisset
860 3693 953 3751 solem,
974 3709 990 3741 a
1010 3693 1136 3742 columna
1154 3694 1269 3742 Maenia
1288 3692 1323 3742 ad

177 3776 317 3810 carcerem
338 3761 471 3810 inclinato
489 3761 579 3809 sidere
599 3777 753 3824 supremam
771 3761 974 3824 pronuntiauit,
999 3761 1047 3808 sed
1065 3760 1116 3809 hoc
1135 3762 1243 3810 serenis
1261 3767 1321 3810 tan-

176 3833 233 3875 tum
252 3828 356 3888 diebus,
375 3844 459 3891 usque
480 3828 514 3876 ad
532 3830 647 3892 primum
665 3829 799 3877 Punicum
818 3829 929 3877 bellum.
961 3829 1088 3893 princeps
1100 3828 1233 3877 Romanis
1251 3829 1322 3878 sola·

177 3896 244 3943 rium
264 3895 433 3959 horologium
451 3897 581 3944 statuisse
602 3900 664 3944 ante
684 3896 827 3945 duodecim
848 3911 933 3944 anuos
952 3912 1031 3959 quam
1052 3911 1112 3945 cunr
1129 3897 1216 3959 Pyrro
1235 3896 1322 3945 bella·

177 3970 233 4011 tum
252 3968 294 4010 est
307 3963 340 4011 ad
355 3963 450 4011 aedem
470 3963 579 4023 Quirini
592 3963 624 4011 L.
636 3963 764 4028 Papirius
778 3963 886 4024 Cursor,
904 3979 965 4012 cum
979 3979 1039 4012 oum
1052 3963 1195 4013 dedicaret
1214 3980 1231 4012 a
1244 3969 1322 4029 patre

178 4045 226 4079 suo
245 4035 348 4091 uotam,
368 4047 384 4079 a
402 4030 491 4079 Fabio
509 4030 622 4079 Vestale.
641 4031 772 4094 proditur.
803 4031 851 4080 sed
864 4047 952 4095 neque
966 4031 1035 4081 faeti
1046 4031 1173 4096 horologi
1185 4033 1323 4081 rationem

176 4132 311 4140 ..η-...-
319 4133 378 4139 ——

263 4195 421 4262 lquousq:
441 4185 474 4240 M
486 4177 499 4262 ΙΙ
515 4183 614 4241 ueni&
632 4181 668 4241 B¹
687 4178 701 4265 ΙΙ
715 4186 878 4242 hoccasum
895 4184 932 4243 Αι
950 4178 963 4265 ll
979 4186 1084 4263 spacia
1099 4186 1174 4256 A(et
1191 4190 1233 4244 sic
1250 4205 1321 4244 sem-

172 4271 240 4340 per)
257 4262 270 4349 ΙΙ
285 4267 488 4326 interdianum
503 4269 563 4325 GM
574 4268 792 4327 interdiuruum
807 4273 859 4326 AB
874 4265 919 4351 112
935 4290 1055 4328 orarum
1067 4267 1131 4328 AB¹
1149 4265 1162 4350 ll
1177 4271 1322 4343 XXIIII,

177 4353 307 4429 spatium
324 4363 426 4410 autom
441 4352 582 4410 horarum
598 4372 652 4413 om.
671 4356 693 4410 G
708 4349 722 4434 ΙΙ
738 4363 839 4411 autem
857 4374 909 4412 om.
927 4349 962 4411 Α1
