2964 5002
503 355 530 394 s.
547 352 726 395 arnscnnnn
742 353 982 396 conrnsnramvs
1245 338 1305 400 519

166 508 257 567 niano
287 505 451 565 abhorrere
482 505 513 564 in
538 504 597 563 hoc
622 524 735 581 genere
764 509 828 563 dicit
850 505 1033 585 perspicitur
1058 527 1075 566 c
1101 465 1166 566 vita
1191 505 1219 566 d.
1246 482 1322 568 Iul.¹

164 621 198 673 55
214 616 291 669 extr.

250 710 328 787 Peg.
342 708 392 780 32,
409 709 447 769 14
460 709 566 767 mirum
585 718 631 768 est
644 718 705 767 tam
722 707 772 767 diu
790 711 938 788 concoqui
953 710 1087 787 potuisse
1104 709 1184 789 quod
1200 711 1305 788 vulga-

165 823 211 873 tur
232 831 296 871 eum
314 820 420 870 cestren
435 820 462 869 el
475 820 534 869 octo
552 813 656 885 sabulis
670 814 813 868 conuersis
834 831 851 869 o
865 812 1038 871 Menandro:
1060 832 1120 891 quo
1141 813 1217 871 nihil
1236 833 1303 873 nar·

165 916 223 975 rari
240 912 411 985 absurdius,
424 912 499 972 nihil
513 912 610 988 magis
626 910 785 970 ridiculum
798 913 906 990 potuit.
928 912 1011 991 Quid
1024 915 1124 973 eninr?
1141 916 1225 973 cuius
1242 915 1302 975 for·

165 1028 246 1078 tasse
273 1036 336 1077 non
361 1015 465 1095 plures
490 1034 581 1096 quarn
606 1015 741 1094 quinque
767 1021 798 1073 et
826 1023 948 1074 centum
974 1014 1097 1075 fabulae
1123 1018 1304 1077 exstiterunt

165 1120 301 1194 omnino,
324 1117 356 1177 id
377 1116 458 1197 quod
474 1114 680 1195 Apollodorus
699 1124 830 1175 testatus
851 1126 898 1175 est
921 1115 1001 1196 apud
1017 1115 1152 1177 Gellium
1167 1130 1255 1192 xvss,
1275 1128 1302 1191 l,

166 1222 341 1283 eiusdemue
355 1218 516 1279 Menandri
530 1226 564 1276 ut
580 1227 649 1276 octo
664 1237 755 1296 supra
772 1226 892 1277 centum
908 1219 1034 1279 Latinus
1048 1229 1141 1299 pocta
1155 1220 1301 1280 verterit?

166 1333 195 1384 et
214 1326 241 1384 si
262 1323 314 1383 vel
332 1339 411 1381 cvm
428 1320 479 1379 vel
497 1338 550 1379 cix
569 1320 682 1392 fuerint
703 1319 870 1379 secundum
889 1320 965 1379 alios
983 1331 1124 1387 auctores
1140 1321 1179 1380 ab
1196 1320 1303 1381 eodem

166 1425 267 1487 Gellio
289 1430 485 1496 memoratos,
506 1420 685 1501 quibuscum
711 1421 822 1482 Suidas
848 1423 938 1496 lucit,
966 1442 1018 1481 ess
1044 1433 1078 1482 ut
1099 1424 1186 1483 unius
1208 1424 1303 1483 ferme

165 1529 236 1589 anni
258 1528 357 1606 spatio
382 1522 434 1606 (sb
457 1544 484 1584 a.
510 1533 562 1586 594
584 1522 625 1582 ad
648 1522 714 1601 595)
740 1544 844 1583 omnes
865 1524 1054 1584 transtulerit
1074 1525 1103 1583 h.
1127 1545 1153 1588 c.
1175 1524 1303 1603 singulis

165 1628 319 1689 mensibus
336 1627 457 1687 circiter
475 1624 636 1685 novenas?
659 1625 735 1685 nihil
749 1634 781 1685 nt
803 1625 842 1685 de
863 1634 1005 1707 quattuor
1024 1627 1075 1687 vel
1093 1628 1226 1707 quinque
1243 1627 1311 1686 illis

167 1732 263 1791 dicam
284 1750 361 1811 quas
380 1749 419 1789 cx
435 1727 543 1788 codem
557 1748 681 1786 numero
699 1728 824 1788 Latinas
845 1730 905 1787 iam
919 1728 1036 1788 Romae
1054 1731 1180 1789 fecerat.
1224 1729 1302 1787 'Pam

166 1835 256 1912 igitur
272 1831 477 1913 prodigiosam
497 1831 671 1888 memoriam
693 1830 843 1909 proditam
860 1851 879 1890 a
899 1840 1004 1891 vetere
1026 1833 1173 1909 scriptore
1191 1829 1303 1890 Cosco-

166 1937 215 1996 nio
233 1933 428 2014 putabimus?
452 1940 483 1991 et
498 1933 524 1990 si
539 1931 626 1990 modo
642 1932 765 2011 prodita
783 1934 890 2006 fuerit,
912 1934 1066 2024 mentione
1086 1932 1207 2011 dignam
1227 1932 1303 1992 Sue·

167 2039 247 2099 tonio
262 2035 382 2096 visam?
406 2045 436 2094 et
457 2034 483 2093 si
503 2033 595 2111 digno
616 2036 699 2104 visa,
717 2036 784 2094 sinc
800 2035 862 2094 ullo
878 2035 1076 2095 dubitationis
1093 2034 1203 2094 iudicio
1225 2034 1303 2094 rela-

166 2139 262 2217 tam‘l
277 2140 387 2218 Apage
405 2146 467 2196 tam
484 2136 692 2196 incredibilia:
715 2137 896 2216 praesertim
915 2158 981 2195 cnm
1005 2139 1073 2198 fons
1094 2137 1203 2196 erroris
1218 2138 1258 2196 sit
1273 2137 1304 2194 in

167 2242 336 2323 propatulo.
371 2240 448 2318 Quis
470 2239 551 2298 enim
573 2238 668 2297 semel
690 2239 821 2297 monitus
846 2237 1024 2297 diffitebitur
1044 2248 1158 2298 temere
1176 2241 1303 2298 iteratae
1341 2242 1344 2247 '

169 2363 238 2407 cour
253 2342 472 2424 praepositioni
486 2361 643 2400 numerum
665 2340 748 2399 illum
769 2358 885 2399 omnem
904 2358 984 2400 cuni
1001 2339 1129 2398 deberi?
1165 2340 1303 2419 Eiusque

168 2446 292 2525 originis
307 2445 367 2524 ipsi
380 2443 459 2503 adeo
476 2443 545 2502 libri
560 2464 614 2502 ms.
630 2442 806 2501 obscuriora
819 2440 951 2520 vestigia
967 2450 1136 2501 servarunt.
1145 2441 1175 2518 *)

230 2695 254 2757 *l
274 2697 448 2748 Contrarium
468 2697 620 2762 exemplum
639 2698 666 2746 in
685 2695 848 2747 vocabulum
866 2695 964 2745 nurtati
976 2695 1080 2745 numeri
1093 2694 1180 2743 habes
1192 2693 1220 2741 in
1234 2692 1301 2742 Siro-

166 2784 297 2835 soriarum
316 2781 385 2832 libro
405 2781 528 2831 Senecae
548 2799 573 2847 p.
595 2782 637 2839 11,
656 2782 689 2830 24
708 2781 750 2830 cd,
769 2781 865 2843 Burs,
884 2780 933 2830 ubi
950 2781 1108 2831 Laconibus
1128 2780 1197 2829 haec
1216 2777 1302 2828 verba

166 2871 334 2920 tribuuntur:
362 2869 421 2917 ideo
440 2866 481 2930 (lr.
502 2884 526 2918 e.
544 2873 575 2916 ut
593 2883 652 2918 cunr
672 2868 789 2932 Spartae
808 2866 942 2916 dedecoro
963 2865 1116 2930 fugiamus)
1135 2865 1198 2915 leuc
1217 2863 1301 2912 Euro·

165 2962 205 3007 las
222 2958 301 3005 amab
318 2953 472 3016 circumfluit,
492 2955 536 3017 qui
550 2957 684 3016 puerilium
703 2954 805 3001 indurat
829 2953 865 3001 od
882 2951 989 3014 [estserae
1011 2953 1114 3000 rnilib'ue
1134 2952 1303 3015 patientiam?

165 3043 221 3091 ideo
243 3039 352 3103 luppeu'
368 3039 476 3086 uetueris
495 3037 611 3100 difficilia
629 3042 679 3086 nisi
695 3037 839 3086 Iraconibus
857 3038 934 3101 iupa?
959 3037 1015 3086 ideo
1035 3036 1147 3085 Hercule
1164 3037 1303 3098 pieriumur

166 3126 196 3174 de
214 3124 334 3189 operibus
352 3127 445 3171 caelum
463 3125 571 3170 merito?
600 3123 656 3171 ideo
680 3123 747 3170 sariri
764 3126 846 3171 nostri
863 3135 935 3170 arrisu
952 3124 1026 3170 sunt?
1061 3120 1115 3169 Vbi
1138 3119 1219 3168 nihili
1242 3134 1302 3169 esse

167 3215 194 3261 et
212 3226 229 3259 a
247 3208 396 3264 latinitate.
406 3222 516 3272 prorsus
530 3206 680 3256 abhorrens
699 3208 736 3257 de
754 3207 874 3271 operibus
891 3208 986 3255 caelum
1003 3208 1093 3255 merito
1111 3206 1248 3254 neminem
1261 3205 1302 3254 fu-

165 3294 213 3361 git.
250 3293 316 3343 Fuit
333 3294 418 3358 igitur
436 3293 480 3342 cui
499 3293 557 3341 deo
575 3291 695 3355 operibns
712 3295 807 3342 eseliau
824 3292 913 3341 ruerito
932 3292 961 3340 in
979 3296 1097 3340 mentem
1115 3291 1231 3340 veniret.
1267 3289 1304 3339 nt

164 3379 237 3430 inter
254 3379 320 3429 deos
338 3393 393 3428 uon
412 3382 454 3427 cst
473 3378 598 3442 prolecto
616 3377 684 3426 deus
702 3382 843 3442 receptus,
863 3376 912 3425 sed
930 3376 1010 3425 homo
1028 3375 1167 3425 mortalis:
1185 3375 1303 3440 operibus

166 3470 257 3515 autern
275 3468 331 3513 tam
350 3462 421 3513 nude
440 3463 560 3528 positum
579 3462 693 3511 mirifice
714 3463 808 3527 friget.
844 3461 916 3522 Quid
934 3461 1038 3510 multa?
1062 3467 1156 3510 natum
1176 3465 1218 3510 est
1235 3459 1302 3509 illud

165 3566 199 3600 ne
217 3565 250 3599 ex
270 3564 319 3611 nc,
343 3549 528 3612 scriptumque
552 3563 569 3595 a
586 3550 694 3597 Seneca
717 3551 886 3597 sexcentis
902 3545 1022 3611 operibus
1039 3549 1133 3595 caelum
1150 3547 1248 3595 merito.
1271 3569 1303 3578 —

164 3634 245 3684 Aliud
263 3634 317 3683 lrac
337 3635 484 3683 ‹reensione
498 3632 620 3682 eiusdem
635 3633 776 3697 scriptoris
789 3631 913 3681 mondum
927 3632 1065 3695 corrigere
1077 3630 1155 3693 libet,
1169 3646 1249 3680 nnrmr
1269 3646 1303 3678 ex

164 3718 321 3769 incredibili
340 3718 514 3768 multitudine
529 3733 620 3768 corum
634 3733 704 3782 spirae
717 3717 868 3767 llnrsianus
881 3715 945 3765 aliis
959 3716 1082 3765 sacranda
1095 3715 1207 3780 reliquit
1218 3729 1303 3780 prope

88 3868 91 3873 ,
165 3804 250 3877 nim-ia
269 3803 449 3853 liberalitate.
485 3805 517 3852 In
531 3802 784 3853 Controuersiarum
803 3802 874 3851 enim
893 3801 910 3851 l.
930 3817 971 3851 vn
990 3818 1015 3865 p.
1033 3799 1088 3862 les,
1110 3801 1152 3850 12:
1172 3801 1304 3864 adispes?

164 3893 190 3939 ia
205 3889 395 3954 pordes-noculo?
418 3892 582 3938 nullusnest.
619 3894 644 3937 lu
661 3891 783 3952 remipr'o?
806 3903 842 3936 nc
866 3888 923 3937 boe
946 3888 1045 3951 quidem
1063 3893 1111 3935 est.
1147 3887 1172 3934 iu
1195 3888 1303 3934 cernite?

166 3991 234 4027 neruo
253 3981 372 4037 repertus
390 3980 428 4023 est
446 3974 568 4038 nuusruqi
585 3989 674 4025 conten.
712 3977 737 4022 iu
755 3976 829 4022 ecclc?
853 3975 876 4022 iu
901 3975 978 4021 terte?
1002 3973 1085 4021 orrrrsio
1106 3985 1191 4036 poene
1209 3971 1301 4018 instru-

165 4067 248 4111 menta
264 4060 411 4108 circumciso
428 4065 485 4107 suut
504 4086 543 4115 —‚
563 4058 627 4122 qnid
645 4057 698 4107 sibi
718 4056 788 4107 velle
808 4060 832 4107 in
844 4063 901 4106 arto
920 4056 1004 4114 dices,
1023 4057 1069 4105 ubi
1088 4058 1121 4106 de
1140 4056 1303 4104 instrumen-

166 4145 201 4194 tis
224 4146 331 4194 sermo?
361 4142 517 4208 Scripserut
536 4143 642 4192 Seneca
661 4144 685 4191 in
708 4144 781 4191 uelo?
805 4146 830 4190 ln
849 4144 1031 4190 artemone?
1054 4142 1137 4191 ‹umrrio
1156 4165 1196 4192 -.
1231 4139 1301 4188 Nam

167 4229 275 4278 differre
296 4244 312 4277 a
330 4227 392 4277 velo
412 4233 579 4277 artemonem
599 4232 715 4277 constat.
752 4228 788 4275 llt
806 4228 831 4275 iu
854 4233 910 4276 orte
934 4229 959 4276 iu
982 4231 1064 4276 oniniu
1087 4224 1189 4275 habere
1213 4222 1301 4273 codex

166 4312 353 4364 Bruxeliensis
366 4312 482 4363 videtur.
512 4312 618 4362 Eadem
636 4326 720 4378 opera
738 4310 843 4361 leviora
861 4311 967 4375 corrige
980 4310 1106 4373 finitima,
1124 4307 1217 4373 paullo
1237 4312 1301 4358 ante

167 4412 192 4448 v.
210 4398 227 4448 8
251 4400 311 4464 quid
328 4414 433 4448 accusas
451 4398 520 4462 quod
542 4397 707 4462 inpunitatem
727 4397 812 4460 fratri
834 4397 959 4455 dederim,
984 4411 1071 4460 quoru
1091 4395 1151 4458 suto
1174 4395 1301 4444 consilium
