2964 5002
502 371 530 409 r.
547 368 727 410 nrrscnnan
744 366 985 410 consauranrvs
1243 346 1305 408 509

172 520 284 580 lacuna
300 528 348 579 est
363 540 379 579 e
395 539 501 579 rasura
515 521 596 579 inter
610 525 692 578 s'stcm
711 529 741 579 et
756 517 911 595 tempore):
933 519 1029 578 semel
1044 526 1144 576 autem
1160 538 1226 576 cum
1242 519 1308 575 eius
1358 530 1360 534 '

161 622 309 681 'notionis
326 622 564 695 consociatione,
583 642 711 702 quacum
724 624 822 701 ipsam
837 625 955 694 temperi
970 622 1095 678 formam
1110 628 1205 699 poeta
1219 638 1307 697 prae·

172 732 259 783 terea
284 724 410 782 sexiens
435 725 535 783 iunxit
563 723 622 802 (bis
648 725 680 783 in
701 724 925 796 Menaechmis,
952 722 1080 799 singulis
1103 722 1135 778 in
1158 719 1306 798 Captivis,

172 825 380 898 Mostellaria,
402 824 521 901 Sticho,
536 821 720 885 ¹Trinummo
743 823 846 901 locis),
877 844 955 902 quae
978 834 1025 884 est
1046 826 1193 892 nordendi,
1221 826 1309 879 adne-

175 932 285 997 m‘endi,
315 931 471 985 aduorsnm
490 932 637 997 oeniandi,
666 931 868 985 anteneniemti
886 927 986 985 notio:
1013 925 1096 985 unde
1117 944 1309 1003 consequens

175 1008 231 1091 luit
255 1038 290 1090 ut
309 1030 394 1089 Men.
420 1037 488 1090 1020
510 1020 641 1102 Edepol,
669 1047 732 1098 cre,
761 1047 798 1087 ne
821 1030 871 1086 titn'
894 1032 1042 1101 suppetias
1059 1029 1179 1100 temperi
1204 1025 1313 1084 adneni

174 1135 255 1203 modo
270 1118 480 1190 scriberemus.
511 1129 631 1208 Quodsi
648 1132 714 1211 quis
735 1131 768 1188 in
788 1151 849 1189 nno
866 1131 918 1209 qui
934 1150 1015 1189 nunc
1036 1130 1158 1188 relictus
1179 1138 1226 1187 est
1240 1128 1309 1186 Asi·

176 1234 283 1293 neriae
304 1253 395 1292 versu
409 1239 462 1297 783
481 1252 605 1291 servare
622 1242 651 1290 ut
671 1235 797 1306 te'mporc
815 1235 1031 1306 opportitneqne
1051 1231 1185 1289 attulistis
1204 1230 1309 1288 volue-

175 1336 228 1408 rit,
252 1355 293 1393 ne
316 1335 368 1393 ille
384 1334 498 1393 viderit
514 1355 573 1414 quo
595 1335 659 1393 iure
676 1334 816 1393 Plautum
836 1335 937 1412 poetis
960 1335 1155 1412 aequiperet,
1179 1333 1230 1411 qni
1251 1331 1309 1389 soli

176 1437 347 1515 simplicem
362 1445 487 1510 tempore
501 1435 680 1507 ablativum,
699 1436 754 1494 sed
776 1438 851 1495 raris
868 1436 1016 1514 exemplis
1032 1455 1090 1494 nec
1105 1436 1163 1493 nisi
1178 1442 1309 1511 cogente

176 1547 273 1597 metro
290 1536 460 1616 dactylico,
483 1539 527 1596 sic
548 1537 736 1597 admiserunt
756 1547 789 1596 ut
810 1538 894 1597 idem
908 1538 1026 1596 valeret
1041 1547 1134 1616 atquc
1151 1540 1218 1595 ‘suo
1235 1546 1309 1594 tem·

177 1639 287 1718 poro’:
303 1639 389 1711 velut
404 1659 469 1697 cnm
486 1636 615 1698 Ovidius
631 1641 706 1698 Her.
723 1652 773 1712 lv,
792 1649 842 1703 109
857 1643 1074 1713 temporanter!
1095 1643 1241 1712 aberitque
1260 1642 1310 1695 din

179 1744 339 1814 Neptunias
366 1743 452 1798 ieros
479 1739 566 1799 dixit.
606 1743 685 1800 Nam
708 1741 746 1800 de
770 1742 919 1801 Cicerone
943 1740 1074 1799 dubitari
1100 1741 1164 1800 noli
1185 1741 1260 1820 quin
1284 1741 1310 1798 is

179 1844 268 1923 epist.
291 1840 332 1899 ad
353 1841 447 1900 famil.
471 1853 534 1914 vll,
551 1851 598 1914 18,
617 1855 630 1905 1
652 1852 704 1901 aut
718 1861 769 1916 epo
788 1850 860 1901 enim
876 1847 1020 1901 renouatio
1036 1846 1311 1909 commendationem,

178 1949 229 2003 sed
242 1949 277 2002 in
292 1952 419 2017 tempore
435 1943 592 2023 scripserit
606 1953 672 2016 ant,
695 1945 778 2023 qnod
799 1947 831 2004 in
847 1946 906 2004 hoc
921 1946 1046 2025 quidem
1061 1964 1175 2023 genere
1191 1944 1311 2017 licebat,

176 2047 229 2105 ‘red
242 2049 377 2118 temperi,
400 2045 484 2104 nullo
501 2045 592 2105 modo
607 2050 659 2103 scd
675 2056 810 2120 ternpore.
827 2048 1000 2107 —Contra
1020 2048 1108 2106 nihili
1130 2055 1231 2105 autem
1252 2046 1313 2105 for·

180 2166 258 2208 mam
272 2150 394 2221 tempori
407 2147 545 2206 similiter
560 2158 652 2226 atquc
669 2167 685 2207 e
700 2140 911 2207 Plautinorum
927 2148 1069 2207 librorum
1084 2150 1228 2207 memoria
1243 2149 1315 2206 licet

182 2251 272 2310 etiam
288 2269 306 2308 e
322 2247 449 2307 Catonis
465 2247 505 2308 de
520 2269 554 2308 re
569 2251 681 2309 rustica
697 2250 914 2308 commentario
924 2232 1147 2326 argumentari.
1174 2249 1235 2309 Vbi
1247 2271 1315 2308 cum

116 2352 124 2367 '
180 2351 314 2412 inlibris
328 2350 504 2428 vulgaribus
520 2371 587 2431 cap.
604 2360 636 2425 2,
654 2362 667 2413 l
684 2353 829 2431 scriptum
844 2359 945 2410 exstet
963 2355 1070 2408 satisne
1090 2354 1212 2424 tempori
1224 2370 1315 2423 opera

181 2446 254 2513 nint
268 2454 416 2527 confecta,
439 2453 512 2512 item
527 2462 557 2525 3,
574 2441 590 2514 5
610 2458 636 2511 si
649 2458 772 2528 tempori
784 2456 893 2527 facies,
920 2454 977 2512 hoc
993 2462 1095 2511 autem
1116 2453 1183 2510 loco
1206 2451 1245 2510 de
1267 2472 1314 2510 ar·

182 2556 308 2634 chetypi
328 2555 479 2633 scriptura
500 2560 621 2628 temperi
631 2566 713 2615 certo
729 2557 875 2614 Politiani
891 2557 1064 2614 testimonio
1081 2561 1214 2617 constet.
1231 2574 1315 2611 num·

183 2659 234 2739 qui
249 2658 353 2737 priore
368 2657 436 2715 loco
452 2656 621 2716 variandae
637 2658 756 2718 scilieet
771 2659 917 2717 orationis
933 2678 1041 2716 cariosa
1062 2656 1241 2736 praetulisse
1258 2656 1316 2713 Oa·

182 2768 286 2819 tonem
301 2763 424 2832 tempori
448 2759 502 2817 tibi
522 2759 723 2838 persuadebis
746 2781 786 2819 an
809 2759 926 2840 aliquid
947 2761 1012 2818 sive
1037 2780 1055 2817 a
1075 2758 1230 2817 l'olitiano
1250 2756 1316 2815 sive

183 2861 221 2921 ab
236 2862 305 2941 ipso
320 2859 445 2919 librario
462 2861 656 2938 neglectum?
690 2863 774 2940 Ergo
790 2862 885 2921 Nonii
900 2882 931 2942 p.
947 2870 1013 2934 360,
1035 2870 1068 2923 ‘20
1084 2860 1228 2932 librariis,
1253 2878 1316 2917 non

183 2963 300 3023 Titinio
328 2961 444 3021 tribues
468 2962 550 3042 qnod
573 2964 605 3021 in
627 2964 685 3023 hoc
706 2965 828 3023 senario
853 2968 890 3022 da
911 2982 1031 3037 peresam
1052 2968 1165 3021 tanam:
1190 2965 1240 3036 qni
1261 2980 1316 3018 non

183 3069 283 3124 reddet
303 3069 425 3138 temperi
450 3098 481 3107 —
508 3086 589 3124 nunc
612 3065 754 3144 vulgatur
768 3071 903 3139 tempori,
926 3078 1033 3126 contra
1053 3076 1144 3145 atque
1170 3067 1202 3124 in
1229 3063 1319 3123 simili
1390 3048 1393 3054 ’

184 3167 341 3226 sententia
355 3171 503 3241 lepideque
520 3169 721 3226 concinnatam
737 3171 866 3244 referam
881 3173 1003 3242 temperi
1017 3170 1128 3228 factum
1144 3177 1191 3227 est
1206 3168 1239 3224 in
1254 3167 1319 3225 llo·

185 3268 400 3328 naecbmorum
425 3289 516 3329 versu
540 3277 601 3333 167.
647 3271 713 3329 Nec
739 3272 835 3348 magis
858 3288 924 3329 cum
947 3270 1087 3329 Vahleno
1108 3271 1190 3328 Enn.
1217 3290 1248 3348 p.
1271 3276 1334 3345 160,

184 3369 418 3450 Ribbeckioquc
432 3372 531 3431 Musei
547 3372 647 3431 ltlren.
666 3386 687 3430 x
709 3392 740 3452 p.
756 3383 802 3435 ast
822 3384 854 3431 ut
868 3378 963 3431 attsirrt
981 3392 1049 3431 cras
1071 3377 1194 3445 tempori
1211 3375 1250 3428 ad
1264 3388 1321 3428 mc·

184 3477 299 3531 tendum
318 3473 399 3531 feres
415 3474 447 3530 in
462 3475 582 3553 Aesopi
598 3474 729 3553 apologo
746 3476 906 3542 Enniano,
923 3458 1103 3555 quamquam
1125 3473 1321 3533 consentien-

185 3574 265 3634 tibus
280 3584 313 3633 ut
329 3573 453 3634 videtur
469 3576 563 3636 Gellii
579 3587 618 3648 11,
635 3586 677 3649 29,
695 3586 729 3637 12
744 3576 828 3636 libris
845 3578 993 3636 omnibus.

268 3676 346 3753 Peg.
361 3675 412 3747 81,
427 3676 449 3734 4
462 3686 496 3736 nt
510 3698 529 3736 a
543 3679 678 3737 Parisini
694 3684 718 3736 Α
732 3681 882 3759 scriptura
898 3698 933 3737 ne
946 3684 1142 3754 interpellaret
1166 3679 1322 3759 profectus

185 3779 333 3858 capotius
349 3777 527 3857 absorptum
542 3800 609 3839 esse
627 3782 772 3859 proximis
788 3801 823 3839 ne
846 3782 955 3841 litteris
971 3802 1129 3841 censerem
1145 3803 1235 3862 quam
1256 3801 1325 3839 cum

187 3881 316 3940 noviciis
332 3879 416 3939 libris
438 3899 473 3938 ne
495 3887 730 3955 interpellaretur
753 3903 926 3957 servarem,
948 3886 1014 3963 ipsa
1035 3887 1192 3945 sententia
1214 3883 1323 3943 suade·
1415 3902 1424 3913 ‘

187 3979 249 4041 bat.
279 3983 346 4041 Nec
362 3983 457 4055 enim,
474 3993 507 4042 ut
522 3983 560 4041 ab
577 3985 644 4043 aliis
661 4005 701 4044 ne
716 3987 981 4065 interpellaretur,
998 3987 1211 4046 intercedente
1227 4005 1323 4044 irrora

189 4102 264 4161 opus
280 4082 430 4157 babebat,
458 4084 541 4163 quod
564 4096 595 4144 et
617 4086 722 4146 iubere
743 4088 810 4166 ipsc
832 4099 938 4167 posset
961 4100 991 4148 et
1012 4090 1151 4168 profecto
1173 4108 1237 4146 non
1259 4095 1325 4147 erat

190 4186 338 4262 petiturus
358 4194 487 4245 tantum.
529 4187 578 4247 Ab
599 4208 694 4248 uxore
716 4197 818 4247 autem
839 4190 969 4268 petendi
991 4193 1199 4270 potiusquam
1219 4197 1323 4268 posta·

190 4284 274 4345 lsndi
299 4307 336 4346 eo
362 4288 432 4367 plus
455 4308 581 4348 caussae
597 4291 704 4349 Laelio
727 4292 840 4351 fuit-
854 4292 880 4349 si
896 4292 987 4349 modo
1013 4293 1103 4350 ‘certi
1118 4291 1264 4350 anctoris’
1281 4291 1324 4348 fn·

190 4383 260 4447 bula
274 4407 349 4447 vera
364 4419 405 4430 -
420 4390 503 4468 quod
519 4390 777 4452 lllat'ronaliornm'
788 4393 838 4451 die
863 4393 914 4472 (eo
932 4395 1014 4451 enim
1029 4404 1170 4472 spectare
1185 4395 1326 4450 leniendas
