2964 5002
519 362 546 402 ι’.
565 360 744 403 nrrscaesn
761 361 1002 406 corrnanrsarvs
1264 346 1325 408 5o3

270 513 346 591 Peg.
364 512 422 585 28,
438 514 458 573 8
476 511 558 592 quod
575 514 606 572 in
622 513 708 573 libris
725 526 756 573 et
772 516 895 594 optimis
911 524 942 575 et
956 516 1094 595 plurimis
1110 517 1264 596 proditum
1281 528 1327 580 est

116 656 121 666 ·
185 619 336 676 eunuchus
360 619 472 689 quidem
501 618 543 672 bis
565 619 610 673 die
634 625 700 674 acta
722 627 779 685 est,
810 619 977 677 rectissimo
999 617 1112 678 iudicio
1132 620 1326 681 Burmannus

187 717 490 796 Oudendorpiusque
512 727 740 795 perspexerunt
762 719 838 778 nihil
859 719 943 778 aliud
960 739 1027 778 esse
1043 721 1103 779 nisi
1120 721 1182 780 ‘bis
1197 723 1326 799 singulis

186 819 309 880 diebus’
325 819 378 877 vel
394 817 535 878 ‘cottidie
551 818 628 878 bis':
650 819 684 878 id
706 820 788 899 quod
810 823 885 880 satis
905 840 973 880 cum
994 822 1119 881 aliorum
1143 831 1206 881 tum
1230 824 1325 902 ipsius

187 921 328 983 Suetonii
345 922 494 1001 exemplis
515 921 663 1000 probatur
677 921 716 980 ab
733 921 843 981 eodem
859 921 1084 1004 Oudendorpio
1101 926 1277 1005 compositis
1292 926 1325 983 in

185 1025 239 1083 vit.
256 1021 379 1084 Galbae
394 1028 454 1081 ct
476 1031 506 1081 et
530 1021 560 1081 d.
576 1024 707 1102 Augusti
730 1044 755 1083 c.
772 1035 819 1098 31,
847 1026 933 1086 velut
953 1046 1020 1085 cum
1046 1027 1162 1087 ‘liberti
1183 1028 1326 1107 seruique

184 1130 226 1185 lsai
248 1129 294 1183 die
322 1125 509 1204 frequentes·
529 1124 654 1185 adesse’
683 1124 839 1200 dicuntur,
866 1128 918 1186 vel
944 1129 1136 1208 ‘compitales
1161 1129 1257 1188 Lares
1283 1132 1327 1187 tis

185 1246 261 1287 uano
277 1227 396 1287 ornari’
420 1236 451 1285 et
467 1247 546 1306 quae
562 1236 634 1287 sunt
649 1236 751 1287 cetera
766 1249 890 1307 prorsus
912 1229 1033 1308 parilia.
1077 1229 1116 1288 Id
1138 1239 1238 1290 autern
1260 1251 1326 1291 cum

185 1329 351 1390 absurdum
367 1337 449 1388 osset
465 1328 504 1388 de
521 1339 588 1388 acta
602 1330 753 1389 Eunucho
771 1330 846 1403 diei,
862 1332 968 1391 mirum
984 1353 1047 1390 uon
1064 1341 1111 1391 est
1128 1332 1167 1391 de
1183 1333 1326 1392 eiciendo
1377 1361 1380 1369 ·

184 1436 229 1491 die
242 1450 322 1490 voce
344 1439 416 1509 post
438 1431 515 1489 alios
530 1450 578 1489 me
595 1451 718 1511 quoquo
733 1433 860 1510 Parerg.
884 1454 915 1512 p.
931 1442 984 1496 333
1001 1441 1064 1492 tum
1087 1435 1237 1511 cogitasse
1259 1454 1326 1493 cum

187 1554 253 1595 eam
267 1553 333 1593 non
347 1533 436 1611 potui
455 1552 519 1592 uon
542 1535 664 1592 novicio
687 1535 902 1613 interpolatori
923 1534 1072 1608 tribuere,
1096 1536 1212 1615 quippe
1235 1555 1325 1615 quam

184 1638 268 1716 typis
285 1653 432 1714 expressa
448 1637 591 1714 exempla
606 1634 681 1694 inde
696 1656 714 1694 a
731 1637 872 1716 principe
888 1638 990 1696 omnia
1005 1639 1186 1715 ignorarent
1193 1625 1203 1696 :¹
1217 1647 1325 1697 contra

156 1766 168 1789 ·-
186 1748 278 1819 atque
294 1756 405 1816 reapse
421 1755 490 1795 csse
505 1732 588 1795 nuno
602 1738 703 1797 scitur.
741 1740 782 1797 Et
802 1740 959 1798 sententia
980 1738 1105 1818 quidem
1127 1737 1202 1819 quid
1224 1741 1325 1819 requi-

185 1850 282 1913 reret,
299 1849 347 1898 sat
362 1847 445 1897 certo
461 1837 576 1898 indicio
592 1839 711 1898 Donati
726 1839 823 1898 verba
839 1842 984 1900 exstitere
1007 1845 1051 1899 ‘ut
1069 1845 1172 1899 iterum
1191 1851 1327 1916 operetur

184 1963 238 2018 pro
253 1949 356 2010 aoua',
373 1939 484 2020 quibus
500 1940 568 2013 ille,
592 1940 743 2020 quidquid
765 1942 840 2019 legit
856 1942 939 2022 apud
956 1942 1151 2016 Suetonium,
1174 1944 1326 2023 interpre-

185 2054 264 2105 tatus
291 2054 338 2105 est
363 2044 538 2102 verissime:
566 2042 649 2122 quod
677 2062 734 2119 ego
757 2063 854 2120 genus
876 2045 1052 2103 universum
1076 2045 1095 2103 l.
1119 2064 1143 2103 s.
1166 2064 1190 2103 s.
1217 2044 1324 2104 dedita

187 2166 281 2226 opera
296 2153 475 2225 persecutus
491 2165 565 2204 sam.
611 2144 720 2223 ltaque
736 2164 803 2202 eum
819 2145 890 2204 olim
905 2145 975 2222 ipsa
994 2165 1052 2218 pro
1066 2166 1143 2204 norro
1162 2146 1259 2206 verba
1280 2148 1326 2205 in·

185 2247 345 2308 tercidisse
367 2255 437 2326 post
462 2250 504 2304 oia
529 2247 743 2319 coniecissem,
771 2255 842 2325 post
863 2246 954 2304 facile
976 2246 1118 2305 intellexi
1140 2249 1241 2325 potius
1263 2249 1326 2307 tole

187 2349 331 2432 quiddam
357 2350 502 2428 scriptum
527 2349 622 2407 fuisse
650 2348 754 2433 qualia
777 2357 847 2406 sunt
871 2351 914 2405 lu's
941 2342 1059 2427 [codem]
1086 2349 1131 2403 die
1156 2349 1208 2406 vel
1229 2352 1271 2406 bis
1291 2353 1326 2406 de

185 2447 325 2533 tintcum]
358 2451 410 2510 vel
442 2454 484 2509 tis
497 2446 625 2530 =tlalamo]
648 2450 700 2508 vel
726 2453 768 2507 bis
787 2445 955 2528 dei[accps].
998 2448 1134 2525 Quorum
1161 2449 1215 2507 illa
1245 2470 1325 2529 quae

186 2553 287 2614 media
302 2553 391 2633 posui
407 2553 475 2612 esse
494 2539 656 2629 rodrolo'yu
676 2559 820 2630 apparet:
844 2550 926 2630 quod
942 2558 1043 2609 autom
1059 2549 1155 2627 primo
1180 2550 1263 2622 loco,
1287 2571 1324 2609 eo

188 2655 329 2737 displicet
351 2653 433 2734 quod
455 2655 611 2733 profecto,
642 2662 675 2711 ut
700 2653 888 2730 singularem
912 2653 1041 2730 gratiam
1067 2651 1162 2709 fuisse
1183 2651 1324 2709 Eunuchi

188 2758 381 2839 probaretur,
407 2777 471 2815 non
499 2776 575 2835 opus
598 2763 664 2813 erat
685 2753 795 2813 eodem
817 2754 868 2813 dio
889 2755 999 2813 iterata
1018 2752 1140 2821 fabula,
1167 2751 1224 2811 sed
1249 2752 1324 2812 satis

189 2869 252 2920 erat
267 2878 324 2939 per
339 2857 506 2919 eorundem
522 2856 660 2916 ludorum
684 2875 849 2936 eorumque
872 2876 968 2914 novas
989 2854 1110 2914 fabulas
1133 2855 1324 2932 poscentium

188 2963 379 3023 occasionem
394 2960 496 3020 denuo
513 2959 712 3036 efflagitatam
727 2957 890 3037 prodiisse.
926 2959 996 3017 Hae
1024 2957 1117 3034 igitur
1131 2975 1179 3013 me
1196 2974 1321 3013 caussae

187 3073 346 3125 moverunt
359 3068 393 3123 ut
407 3062 594 3142 praeferrem
611 3060 694 3141 quod
709 3060 839 3119 maxime
855 3060 988 3138 simplex
1003 3059 1115 3130 visum,
1132 3061 1174 3115 bis
1187 3061 1323 3129 deirrccps

187 3167 215 3228 h.
232 3187 259 3228 e.
277 3165 429 3226 ‘zweimal
445 3164 523 3222 uaclr
540 3162 718 3222 einander¹.

269 3267 403 3329 Versull
425 3267 481 3326 etsi
503 3269 592 3322 idest
613 3264 741 3323 voculae
765 3284 805 3323 ue
828 3283 846 3321 a
866 3262 974 3323 codiee
994 3266 1019 3320 Α
1041 3262 1181 3342 quidem,
1204 3259 1262 3320 scd
1286 3259 1324 3319 ab

186 3393 246 3433 uuo
262 3375 290 3429 B
304 3369 429 3443 absunt,
451 3380 554 3427 tamen
570 3387 588 3424 a
605 3366 752 3425 Suetonio
769 3367 897 3445 scriptas
915 3385 981 3424 esse
1004 3386 1070 3423 cnm
1087 3365 1204 3423 Donati
1223 3372 1325 3421 auctou

186 3476 258 3534 ritas
270 3483 333 3534 tum
345 3469 492 3550 loquendi
505 3478 536 3528 et
548 3469 626 3528 ratio
641 3478 671 3525 et
689 3466 879 3527 cousuetudo
893 3474 1019 3544 negant.
1050 3466 1135 3525 Nilril
1150 3466 1232 3524 enim
1245 3466 1325 3524 cius-

186 3574 315 3635 modiin
330 3572 446 3646 Donati
462 3571 509 3629 his
528 3568 646 3630 verbis:
658 3588 772 3643 proque
784 3588 818 3628 co
828 3568 961 3644 pretimm'
975 3573 1052 3643 quod
1066 3572 1138 3626 nulli
1151 3578 1217 3625 rorte
1230 3572 1324 3641 ipsam

184 3679 302 3753 fabulae
321 3678 449 3748 conligat,
468 3681 530 3730 octo
551 3677 626 3728 milio
647 3676 809 3729 sestertium
832 3681 1020 3730 rrumeroreat
1038 3681 1157 3745 poetae:
1180 3669 1231 3729 ubi
1254 3690 1324 3749 pcr-

186 3798 290 3859 peram
312 3787 343 3836 et
366 3777 497 3850 sabulum
518 3784 549 3834 et
570 3777 681 3832 milibus
701 3774 853 3851 vulgatur.
891 3775 982 3833 Ratio
1003 3784 1104 3832 autem
1128 3784 1158 3831 et
1176 3791 1248 3830 usus
1267 3773 1324 3830 etsi

186 3884 215 3939 id
231 3889 273 3938 est
289 3880 341 3939 vol
356 3881 409 3936 lsoc
423 3885 465 3935 cst
480 3878 645 3957 particulas
662 3895 720 3934 nec
735 3879 803 3934 iuro
819 3895 879 3934 uec
893 3895 954 3934 uuo
971 3875 1061 3934 modo
1084 3874 1220 3932 admisit:
1245 3892 1324 3951 quae

187 3962 302 4060 generd
322 3978 496 4039 identidem
510 3977 685 4055 Madvigius
708 3978 875 4058 explicavit
895 3978 927 4035 iu
945 3977 1009 4035 Cic.
1027 3976 1066 4034 de
1081 3978 1132 4035 lin.
1155 3996 1186 4052 p.
1202 3982 1245 4035 tu.
1265 3983 1323 4037 139.

189 4090 247 4144 144.
261 4091 329 4146 264:
355 4080 518 4141 tamenab
541 4081 600 4152 eis,
629 4098 708 4159 quae
729 4078 859 4157 simplici
883 4079 1087 4157 appositionis
1109 4075 1323 4154 grammaticae

187 4185 307 4244 viuculo
324 4183 536 4256 continentur,
559 4183 735 4260 segregavit
750 4180 1006 4240 constantissime.
1037 4179 1122 4256 eras
1145 4176 1258 4255 ubique
1280 4175 1324 4233 ita

189 4294 345 4366 usurpatas
361 4285 498 4365 reperies
514 4293 561 4356 ut,
580 4303 670 4363 quam
686 4282 760 4362 quid
776 4284 838 4340 vim
851 4281 980 4348 lrabeat,
998 4299 1087 4360 quam
1098 4278 1149 4335 vel
1165 4277 1323 4334 notionem

189 4388 239 4447 vel
251 4388 437 4448 sententiam
452 4395 579 4465 aequet,
598 4384 785 4443 declaretur:
808 4403 868 4462 quo
890 4383 924 4442 fit
937 4390 971 4440 ut
987 4401 1052 4439 cum
1075 4378 1204 4454 singulis
1225 4376 1323 4435 nomi-
