2964 5002
356 368 594 413 svrennueam
618 369 707 413 nram
730 371 773 412 oa
796 364 882 413 rano
903 365 1105 412 nouanoavu
1143 359 1150 371 “
1248 347 1306 414 185

163 536 274 583 mcum,
292 526 326 571 ιιι
339 520 404 572 eum
416 520 589 587 praecedens
600 522 686 573 Marti
704 528 778 572 esset
796 522 905 572 dicatus
923 519 974 573 deo
990 520 1149 587 plerumque
1168 521 1307 572 bominum

164 590 292 651 necatori,
310 596 345 639 ut
362 590 502 639 Homerus
519 596 636 640 naturae
654 591 782 640 conscius
801 591 854 640 ait:

366 643 445 721 ’Λοις
456 646 532 720 ’Ἄρις
549 651 711 723 βροτολοιγὲ
729 649 868 724 μιαιφόνε
885 654 1092 723 τειχισιβλῆτοι’

165 725 295 775 secundus
308 725 415 775 Veneri
429 725 584 787 dicaretur,
600 742 670 790 quae
683 727 739 776 uim
753 727 812 776 eius
825 727 904 790 quasi
917 725 1043 776 benefica
1055 724 1164 776 leniret.
1191 724 1230 774 10.
1244 740 1308 773 narn

165 802 192 843 ct
208 794 236 842 in
251 792 401 843 duodecim
420 793 528 843 zodiaci
546 794 648 860 signis,
674 807 785 858 quorum
809 803 886 843 certa
909 799 1044 843 certorum
1068 794 1206 844 numinum
1224 792 1309 842 domi·

166 861 228 911 eilia
246 861 406 923 creduntur,
427 876 489 910 cum
506 861 620 927 primum
634 863 741 926 signum
753 862 833 911 Aries
845 862 928 911 Morti
945 862 1106 926 adsignatus
1125 863 1171 924 sit,
1190 875 1308 925 sequens

166 946 223 979 mox
234 929 373 979 l'euerern
388 927 416 978 id
429 933 474 979 est
485 928 592 979 Taurus
605 930 723 994 accepit.
758 928 795 978 ll.
815 935 843 978 ιι
855 943 947 979 rursus
960 944 975 979 c
993 931 1106 996 regione
1119 929 1249 995 Scorpius
1267 928 1308 977 ita

167 998 267 1048 diuisus
281 1003 334 1057 est,
353 1001 385 1045 ut
402 995 456 1046 deo
474 1002 550 1046 esset
562 999 669 1062 utrique
688 997 848 1046 communis.
877 1012 929 1047 nee
943 1000 1107 1047 aestimatur
1119 999 1228 1047 rationo
1241 1012 1304 1046 cae-

167 1064 228 1115 lesti
249 1078 350 1115 carere
373 1064 437 1129 ipsa
455 1063 570 1114 diuisior
593 1063 729 1131 siquidem
748 1064 846 1114 aculeo
864 1063 941 1114 uelut
957 1067 1151 1130 potentissimo
1169 1065 1226 1115 telo
1244 1079 1308 1129 pars

121 1192 125 1199 Ι
168 1137 272 1183 armata
289 1132 429 1197 posterior
446 1129 617 1182 domicilium
633 1133 734 1182 Martis
752 1138 804 1193 eat,
823 1133 942 1199 priorem
959 1148 1026 1184 uero
1039 1140 1144 1200 partem
1158 1133 1204 1182 oui
1218 1125 1309 1196 Ζυγός

168 1201 234 1267 apud
251 1199 379 1250 Graecos
391 1215 491 1250 nomen
504 1205 560 1261 est,
573 1216 623 1250 nos
635 1201 749 1250 Libram
758 1214 900 1262 necamus,
912 1201 1005 1251 Venus
1017 1201 1137 1265 accepit,
1151 1215 1222 1265 quae
1232 1198 1310 1249 uelut

167 1270 227 1334 ingo
244 1266 379 1319 concordi
396 1266 487 1332 iungit
503 1269 678 1332 matrimonia
696 1268 888 1333 amicitiasque
908 1270 1046 1335 conponit.
1071 1267 1111 1317 1‘2.
1128 1268 1176 1317 sed
1195 1267 1308 1317 Cincius

167 1336 192 1385 in
208 1352 242 1385 co
259 1334 333 1385 libro
351 1349 432 1400 quem
450 1335 486 1385 de
504 1335 584 1386 fastis
601 1336 714 1400 reliquit
726 1337 768 1386 ait
780 1336 898 1400 inperite
917 1337 1047 1401 quosdam
1067 1335 1174 1401 opinari
1186 1333 1308 1400 Aprilem

167 1419 285 1455 mensem
303 1403 435 1469 antiquos
453 1418 471 1452 a
489 1403 597 1454 Venere
615 1403 732 1464 dixisse,
757 1418 818 1453 cum
841 1402 933 1454 nullus
955 1403 1015 1455 dies
1040 1404 1127 1453 festus
1151 1401 1308 1467 nullumque

167 1470 333 1521 sacrificium
350 1470 461 1535 insigne
480 1470 580 1521 Veneri
599 1487 648 1537 per
665 1470 737 1521 huno
754 1486 876 1521 mensem
889 1487 906 1520 a
918 1471 1069 1522 maioribus
1087 1470 1243 1520 institutum
1261 1470 1307 1531 sit,

167 1538 211 1587 scd
228 1554 264 1589 ne
288 1538 317 1587 in
336 1538 507 1588 carminibus
525 1539 634 1603 quidem
653 1538 789 1589 Saliorum
808 1539 924 1589 Veneris
945 1539 1003 1589 ulla
1021 1544 1052 1589 ιιι
1070 1543 1224 1588 ceterorum
1243 1552 1307 1586 cas-

167 1606 273 1655 lestimn
286 1604 349 1655 laus
361 1605 528 1656 celebretur.
549 1606 586 1657 13.
601 1606 698 1657 Cincio
712 1607 795 1657 etiam
803 1607 891 1667 Varro
904 1609 1040 1657 consentit
1051 1606 1198 1657 adfirmans
1210 1619 1310 1655 nornen

166 1672 281 1723 l'cneris
303 1688 340 1723 ne
361 1673 413 1724 arrb
431 1674 542 1738 regibus
560 1675 669 1740 quidem
691 1674 763 1740 apud
781 1675 919 1724 Romanos
936 1675 982 1724 uel
1000 1675 1130 1725 Latinum
1153 1672 1199 1723 uel
1223 1673 1308 1722 Grae·

167 1757 224 1791 cnm
237 1742 381 1801 luissc,·et
396 1741 462 1791 ideo
474 1756 528 1791 nou
540 1744 662 1809 potuisse
675 1758 796 1793 mensem
810 1757 827 1791 a
838 1743 946 1792 Venere
959 1742 1104 1792 nominari.
1134 1742 1173 1791 14.
1187 1740 1236 1791 sed
1248 1754 1310 1790 cum

169 1809 224 1859 lere
242 1816 311 1858 ante
330 1809 536 1873 aequinoctium
553 1826 668 1860 uernum
692 1810 771 1860 triste
788 1811 825 1860 sit
843 1810 951 1859 caelum
970 1815 999 1860 et
1015 1809 1134 1860 nubibus
1152 1808 1310 1869 obductum,

167 1877 211 1926 scd
232 1884 261 1927 et
285 1891 363 1927 mare
387 1878 586 1941 nauigantibus
609 1878 746 1939 clausum,
770 1882 861 1928 terrae
885 1879 970 1928 etiarn
992 1879 1070 1945 ipsae
1095 1883 1143 1927 aut
1167 1891 1239 1942 aqua
1262 1879 1311 1926 aut

167 1946 262 2010 pnrina
286 1950 335 1994 aut
357 1944 470 1994 niuibus
489 1952 671 2012 contegantur
694 1960 782 2011 eaque
800 1946 893 1996 omnia
915 1961 1001 1995 uerno
1024 1947 1052 1996 id
1075 1951 1119 1996 cat
1140 1945 1193 1995 hoe
1216 1958 1310 1994 menso

167 2012 335 2077 aperiantur,
356 2012 470 2062 arbores
488 2027 593 2079 quoque
605 2028 658 2063 nec
670 2014 759 2063 minus
772 2019 867 2063 cetera
885 2029 955 2078 quae
968 2014 1093 2064 continet
1110 2019 1184 2062 terra
1203 2012 1310 2079 aporire

168 2096 195 2130 ιι
212 2081 241 2129 iu
259 2095 376 2146 germen
394 2080 545 2146 incipiant:
569 2081 605 2130 ab
628 2081 672 2131 his
697 2080 823 2131 omnibus
844 2096 966 2132 mensem
989 2081 1111 2147 Aprilem
1134 2081 1191 2131 dici
1213 2080 1310 2130 merito

168 2148 332 2199 eredendum
345 2153 389 2198 eat
405 2148 485 2212 quasi
500 2148 648 2215 Aperilem,
661 2149 734 2199 sicut
746 2148 818 2213 apud
830 2147 1014 2199 Athenienses
1026 2139 1226 2214 α’νθιστηριών
1238 2148 1310 2197 idem

169 2217 267 2267 mensis
283 2220 401 2267 uocatur
419 2214 456 2265 ab
474 2231 507 2266 eo
536 2216 590 2266 uod
601 2217 654 2267 boc
666 2221 789 2282 tempore
802 2222 903 2267 cuncta
914 2218 1071 2267 florescant.
1097 2216 1136 2266 15.
1150 2221 1311 2266 nontamen

169 2288 250 2347 negat
262 2284 378 2335 Verrius
389 2283 509 2334 Flaccus
519 2232 578 2335 (boc
596 2285 641 2335 die
654 2288 752 2351 postea
764 2285 939 2335 constitutum
955 2290 987 2334 ut
998 2290 1141 2335 matronae
1152 2284 1255 2335 Veneri
1267 2299 1310 2334 sa·

170 2367 239 2401 erum
252 2352 396 2402 lacerent:
414 2351 492 2401 cuius
509 2353 549 2404 rei
566 2368 679 2403 causam
694 2353 758 2417 quia
769 2353 833 2402 huic
845 2351 906 2402 loco
923 2368 978 2402 non
991 2353 1121 2403 conticuit
1132 2356 1310 2416 praetereun-

170 2419 228 2469 dam
240 2424 293 2471 ιιι.
319 2418 359 2469 ld.
373 2419 478 2469 Maium
490 2419 620 2470 Bomnlus
631 2421 742 2470 tertium
754 2421 859 2486 posuit,
875 2420 909 2470 de
923 2422 1000 2470 cuius
1011 2421 1121 2477 nomine
1132 2420 1206 2469 inter
1218 2422 1311 2468 aueto-

170 2502 211 2538 ιιι
220 2487 281 2537 lata
292 2486 430 2537 dissensio
444 2492 494 2537 est.
511 2502 575 2538 nam
587 2487 700 2539 Fuluius
711 2488 836 2538 Nobilior
846 2489 875 2538 in
888 2489 968 2538 lastis
981 2504 1048 2553 quos
1059 2489 1088 2537 in
1102 2487 1171 2537 sede
1183 2485 1313 2536 Herculis

171 2555 306 2605 Musarum
317 2555 410 2621 posuit
423 2553 565 2605 Romulum
578 2556 656 2616 dicit,
671 2561 815 2621 postquam
827 2557 954 2621 populum
967 2559 996 2605 in
1008 2557 1126 2606 maiores
1137 2555 1312 2616 iunioresquc

170 2622 268 2685 diuisit,
281 2627 312 2672 ut
324 2622 415 2672 altera
427 2638 492 2689 pars
504 2623 618 2673 consilio
631 2623 721 2673 altera
733 2624 816 2673 armis
828 2624 1024 2688 rempublicam
1036 2628 1174 2683 tueretur,
1187 2621 1214 2669 in
1228 2620 1311 2670 hono-

172 2704 223 2740 mm
235 2691 377 2755 utriusque
390 2690 479 2756 partis
491 2690 561 2740 huno
574 2691 677 2740 Maium
689 2697 850 2756 sequentem
862 2693 967 2741 lunium
980 2707 1100 2741 mensem
1113 2703 1239 2739 uocasse.
1272 2687 1311 2735 17,

173 2766 230 2807 umt
248 2758 295 2825 qui
307 2758 380 2807 hune
391 2774 514 2808 mensem
527 2759 562 2808 ad
574 2766 682 2809 nostros
694 2759 782 2808 fastos
798 2776 815 2809 a
826 2759 992 2809 Tusculanis
1004 2759 1137 2808 transisse
1151 2771 1311 2807 commemo-

174 2836 236 2885 rent,
251 2826 325 2892 apud
339 2841 406 2890 qtros
418 2841 490 2875 uuae
503 2842 609 2891 quoquc
622 2832 737 2876 uocatur
748 2827 815 2876 deus
828 2827 918 2876 Maius
932 2828 977 2890 qui
991 2832 1033 2875 est
1044 2827 1160 2891 Iupiter,
1178 2841 1194 2873 a
1207 2823 1311 2886 magni-

174 2894 263 2944 tudine
275 2893 386 2943 scilicet
399 2909 433 2943 ac
445 2894 591 2944 maiestate
604 2895 702 2943 dictus.
717 2894 756 2944 18.
767 2895 878 2943 Cincius
890 2911 1012 2944 mensem
1025 2895 1192 2943 nominatum
1205 2896 1313 2957 putata

175 2960 259 3015 Maia.
273 2977 354 3026 quam
367 2961 486 3010 Vulcani
499 2962 567 3011 dicit
578 2977 699 3023 uxorem,
713 2968 928 3027 argumentoque
941 2963 1039 3023 utitur,
1052 2963 1122 3026 quod
1135 2963 1235 3010 flamen
1248 2958 1312 3007 Vul-

176 3029 276 3079 canalia
294 3028 428 3078 Kalendis
446 3028 527 3078 Maiis
544 3030 607 3079 huic
630 3029 700 3079 deae
723 3046 780 3079 rem
803 3029 924 3079 diuinam
943 3030 1025 3078 lacit:
1049 3030 1098 3079 sed
1119 3030 1184 3078 Piso
1201 3042 1313 3077 uxorem

176 3096 287 3146 Vulcani
296 3097 445 3146 Maiestam
456 3112 510 3147 non
519 3098 623 3147 Maiam
637 3098 704 3146 dicit
715 3097 818 3147 uocari.
838 3096 877 3146 lt).
889 3096 1057 3147 contendunt
1070 3097 1117 3146 alii
1129 3096 1232 3145 Maiam
1243 3095 1313 3144 Mer-

177 3166 236 3214 curii
250 3172 365 3215 matrem
375 3164 463 3214 mensi
475 3179 574 3215 nomon
582 3165 702 3227 dedisse,
716 3165 779 3214 lrinc
789 3166 907 3214 maxime
917 3165 1067 3230 probantes
1077 3165 1147 3228 quod
1157 3164 1209 3212 hoc
1219 3178 1313 3212 menso

177 3237 337 3281 mercatores
347 3247 442 3282 omncs
448 3231 541 3282 Maiae
550 3233 655 3299 pariter
663 3233 854 3297 Mercurioque
864 3232 1032 3282 sacrificant.
1045 3231 1087 3280 20.
1101 3232 1246 3281 adfirmant
1256 3230 1312 3294 qui-

177 3298 246 3355 dam.
270 3300 369 3364 quibus
387 3298 531 3349 Comelius
554 3300 651 3351 Labeo
674 3301 826 3361 consentit,
848 3301 920 3350 hanc
938 3301 1040 3350 Maiam
1059 3301 1102 3348 cni
1126 3314 1221 3348 menso
1239 3298 1314 3347 Maio

178 3382 215 3418 res
223 3368 319 3418 divina
330 3367 489 3418 celebratur
500 3373 601 3417 terram
612 3384 674 3418 ease
687 3368 739 3418 hoc
752 3368 881 3433 adeptam
894 3383 992 3418 nomen
1007 3384 1024 3418 a
1036 3367 1233 3427 magnitudine,
1244 3367 1315 3414 sicut

178 3439 202 3483 ιι
215 3437 306 3485 Mater
321 3436 426 3501 Magna
448 3435 475 3484 in
498 3436 585 3485 saeris
604 3442 734 3485 uocatur:
759 3436 998 3500 adsertionemque
1023 3435 1224 3485 aestimationis
1247 3449 1315 3482 suae

179 3504 253 3552 etiam
270 3502 336 3552 binc
354 3502 488 3567 colligunt
505 3504 575 3568 quod
593 3519 638 3552 sus
651 3520 808 3569 praegnans
822 3504 847 3553 ei
859 3510 1005 3565 mactatur,
1019 3518 1089 3568 quae
1101 3502 1193 3551 hostia
1205 3501 1316 3567 propria

179 3576 214 3619 ιιι
225 3578 326 3621 terram
340 3575 368 3620 ιι
378 3571 544 3620 Mercurium
556 3571 619 3620 ideo
629 3571 669 3620 illi
679 3572 707 3620 in
718 3572 805 3620 sacris
815 3572 927 3635 adiungi
938 3572 1039 3631 dicunt,
1054 3571 1118 3634 quia
1127 3586 1180 3619 uox
1190 3569 1316 3618 nascenti

178 3636 272 3688 bomini
291 3644 383 3688 terrac
401 3643 533 3687 contactu
544 3638 638 3699 datur,
660 3640 760 3688 scimus
775 3644 865 3688 autem
878 3640 1041 3689 Mercurium
1054 3638 1130 3687 crocis
1144 3642 1172 3687 et
1183 3636 1317 3686 sermonis

179 3711 320 3768 potentem.
345 3705 388 3755 21.
404 3711 500 3755 auctor
513 3711 555 3755 eat
567 3706 711 3756 Cornelius
724 3707 819 3755 Labeo
832 3707 896 3757 huic
908 3706 1000 3756 Maiae
1018 3707 1045 3755 id
1059 3711 1101 3756 ιιι
1115 3712 1206 3754 terrae
1221 3705 1317 3753 aedem

179 3774 304 3824 llslendia
312 3774 397 3823 Maiis
409 3773 566 3823 dedicatam
579 3774 629 3823 sub
639 3775 749 3823 nomine
762 3775 857 3823 Bonae
867 3775 959 3824 ltcae:
974 3779 1002 3823 et
1015 3774 1130 3824 eandem
1141 3788 1201 3823 esse
1213 3774 1316 3821 Bonam

177 3840 259 3891 Deam
273 3847 302 3891 ιι
314 3846 418 3891 terram
434 3856 468 3890 ex
480 3841 539 3906 ipso
558 3843 611 3890 ritu
629 3842 778 3891 occultiore
792 3857 931 3891 sac-rorum
949 3842 1041 3890 doceri
1062 3856 1143 3907 posse
1161 3840 1317 3890 confirmat:

177 3906 241 3959 banc
255 3909 371 3959 eandem
378 3910 486 3958 Bonam
495 3910 674 3973 Faunamque
686 3910 807 3974 cttslpcm
821 3916 849 3957 et
861 3908 978 3958 Fatuam
988 3908 1145 3974 pontificum
1158 3908 1236 3956 libris
1250 3905 1318 3954 indi-

179 3977 267 4035 ritari:
279 3978 321 4026 22.
336 3978 445 4027 Bonam
459 3976 528 4040 quod
542 3977 659 4026 omnium
672 3977 751 4026 nobis
765 3977 799 4026 ad
811 3976 913 4025 uictum
927 3977 1057 4026 bonorum
1070 3991 1155 4025 causa
1168 3979 1223 4023 est:
1246 3973 1317 4021 Fau-

178 4058 233 4095 nam
246 4045 317 4111 quod
329 4044 406 4093 omni
419 4044 479 4092 usui
493 4044 671 4094 animantium
684 4045 775 4094 fauet:
789 4046 875 4109 Opem
889 4045 959 4107 qrtod
971 4045 1057 4109 ipsius
1069 4043 1171 4093 arixilio
1183 4041 1241 4089 vita
1255 4055 1318 4088 con·

178 4118 239 4163 stat:
256 4113 377 4163 Fatuam
392 4127 409 4160 a
423 4110 507 4160 lando
520 4112 591 4175 quod
602 4117 632 4161 ut
644 4127 728 4177 supra
741 4112 856 4161 diximus
871 4112 992 4160 infantes
1005 4117 1083 4176 partu
1099 4110 1164 4158 editi
1177 4123 1230 4156 non
1244 4107 1319 4177 prius

177 4193 264 4231 nocem
278 4182 364 4232 edunt
378 4193 459 4243 qtram
473 4179 616 4245 attigerint
629 4184 730 4228 terram
742 4195 764 4228 c.
780 4197 803 4245 q.
817 4194 839 4228 s.
855 4177 896 4226 30.
910 4179 1003 4227 lunius
1016 4179 1119 4227 Maium
1136 4175 1259 4237 sequitur
1272 4178 1320 4222 οιιι

178 4257 298 4314 exparte
321 4245 422 4314 populi
445 4254 475 4295 ut
495 4263 578 4313 surpra
596 4246 712 4297 diximus
737 4250 893 4296 nominatus
912 4251 959 4293 aut
975 4251 1006 4294 ut
1023 4245 1134 4295 Cincius
1159 4241 1318 4300 arbitratur,

177 4318 238 4380 qnod
256 4317 393 4368 Iunonius
412 4315 488 4386 apud
501 4316 617 4364 Latinos
640 4319 704 4363 ante
727 4314 865 4363 uocitatus
883 4312 983 4376 diuque
1001 4313 1073 4378 apud
1090 4309 1217 4359 Aricinos
1234 4309 1319 4358 Prae-

176 4387 345 4452 nestinosque
366 4382 423 4432 bac
442 4382 628 4447 appellatione
640 4381 670 4431 in
684 4381 771 4430 laetos
789 4379 893 4431 relatus
905 4379 950 4438 sit,
970 4379 1039 4428 adeo
1052 4382 1090 4438 ut,
1104 4377 1176 4427 sicut
1191 4377 1273 4426 Nisus
1291 4376 1319 4425 in
