2964 5002
374 378 611 426 steraauaura
635 380 724 424 arsat
746 381 789 423 us
814 382 939 425 canaan
963 382 1104 426 ussurus
1251 368 1314 435 269

162 528 274 611 ra'pmv
291 532 394 611 ἔσχον
417 526 623 613 ἐπωνυμίαν.
666 523 817 611 ἐφόρουν
844 514 910 592 οὖν
938 529 973 592 ot
996 533 1165 614 πατρίκιοι
1186 556 1226 595 τα
1251 558 1314 598 κα-

165 654 280 713 scyta.

166 822 296 883 formam,
314 820 364 870 scd
382 823 480 871 notam
498 820 654 869 centenarii
670 819 776 869 numeri
794 818 988 885 significabat,
1012 822 1082 885 quod
1102 822 1184 873 initio
1201 824 1315 888 patricii

166 894 313 938 senatores
331 893 445 938 centum
463 885 589 937 luerint!

320 1088 592 1141 SVPPLEMENTA
620 1088 722 1139 LIBRI
751 1088 801 1138 DE
829 1088 976 1139 GENERE
1000 1091 1160 1142 VESTIVM

253 1207 375 1259 Isidorus
392 1210 482 1274 origg.
494 1206 603 1257 xvl111
622 1206 674 1257 ‘De
692 1206 811 1256 nauibus
829 1207 964 1257 aedificiis
977 1214 1006 1257 ct
1017 1209 1162 1262 uestibus.’
1189 1210 1230 1261 21.
1256 1212 1312 1263 ‘De

164 1282 246 1327 ueste
258 1276 429 1326 sacerdotali
440 1277 470 1326 in
478 1274 562 1340 lege)
585 1274 629 1324 22.
652 1276 703 1325 ‘De
716 1275 872 1324 nominibus
884 1276 1003 1324 uestium
1015 1277 1188 1327 ceterarum'
1214 1279 1225 1328 l
1238 1294 1312 1345 sqq.=

166 1345 338 1394 ‘Diuersitas
355 1345 582 1393 uestimentorum
595 1348 708 1407 tegmen
725 1350 856 1408 tegumen
873 1342 1060 1393 indumentum
1076 1347 1270 1397 uestimentum
1285 1354 1314 1398 et

164 1412 284 1477 reliqua.
312 1418 427 1478 tegmen
438 1411 542 1461 dictum
555 1426 587 1460 eo
600 1410 670 1474 quod
682 1416 760 1475 tegat
772 1411 908 1473 membra,
926 1412 999 1460 sicut
1011 1417 1139 1477 tegumen
1152 1419 1228 1464 tecta
1241 1431 1313 1480 quae

165 1486 267 1545 tegunt
282 1493 410 1545 corpora.
445 1478 646 1539 indumentum,
665 1479 736 1543 quod
754 1479 828 1527 intus
847 1478 883 1526 ad
901 1494 1000 1543 corpus
1018 1480 1153 1543 induitur,
1174 1485 1253 1547 quasi
1271 1486 1313 1533 in-

165 1552 328 1597 tumentum.
363 1548 560 1597 uestimentum
576 1561 643 1595 uero
662 1562 692 1595 es
698 1551 718 1606 t,
737 1546 808 1610 quod
822 1561 908 1610 usquo
921 1546 957 1594 ad
969 1549 1116 1611 uestigium
1130 1552 1312 1614 protenditur,

166 1615 249 1681 quasi
269 1616 512 1679 usstigimentum,
539 1619 571 1663 ut
592 1619 636 1663 est
656 1614 753 1664 tunica
774 1612 888 1674 talaris,
916 1614 965 1663 sed
994 1621 1022 1664 et
1050 1614 1121 1665 hacc
1144 1618 1313 1669 corisuetudc

166 1682 302 1733 armonia
324 1686 469 1732 anctorum
484 1680 637 1731 confundit.
666 1681 834 1731 discernitur
852 1686 943 1731 autem
961 1683 1079 1732 uestitus
1098 1699 1114 1732 a
1133 1685 1222 1741 cultu.
1248 1701 1313 1750 quo·

166 1752 243 1801 niam
264 1749 370 1801 lautior
392 1748 561 1814 intelligitur
584 1748 683 1798 cultus.
716 1750 787 1797 item
808 1748 900 1798 cultus
924 1749 959 1799 ab
978 1749 1089 1811 babitu3
1113 1766 1177 1801 nam
1200 1752 1313 1805 babitus

167 1819 203 1868 ad
219 1824 350 1867 naturam
367 1816 500 1883 pertinet,
518 1816 609 1866 cultus
627 1814 662 1865 ad
680 1816 814 1866 homiues.
848 1816 998 1881 pleraeque
1017 1825 1109 1867 autem
1127 1821 1246 1869 uestium
1265 1828 1313 1871 aut

168 1901 186 1935 s
207 1892 333 1950 tempore
361 1900 416 1951 quo
440 1884 558 1933 maxime
582 1885 610 1932 in
632 1898 683 1933 usu
710 1890 774 1933 suut
796 1882 973 1949 appellantur
995 1891 1044 1934 ant
1067 1901 1084 1934 a
1106 1886 1174 1937 locis
1197 1888 1244 1938 ubi
1267 1888 1315 1939 rial

167 1954 284 2019 primurn
303 1954 453 2002 coniectae
475 1950 521 2001 uel
543 1951 661 2001 maxime
679 1950 871 2013 uenditantur,
891 1957 938 2000 aut
956 1967 973 2001 a
991 1968 1093 2016 genere
1111 1955 1213 2005 coloris
1231 1963 1279 2005 aut
1296 1972 1314 2007 a

168 2021 279 2071 nomina
297 2017 487 2085 repertorum)
528 2018 559 2067 o:
583 2018 706 2067 ‘Tunica
729 2018 814 2067 uastis
837 2018 1032 2082 antiquissima
1061 2023 1219 2087 appellata,
1248 2026 1314 2089 quia

168 2090 197 2139 in
214 2096 292 2139 motu
308 2087 467 2137 incedentis
485 2102 579 2136 sonum
598 2087 675 2135 facit.
712 2092 793 2135 tonus
812 2087 885 2135 enim
903 2102 986 2136 sonus
1005 2093 1064 2137 est)
1101 2092 1200 2155 isqq.:
1220 2092 1313 2143 ‘Tala-

169 2158 206 2207 ris
224 2156 321 2205 tunica
338 2154 418 2205 (licta
436 2170 469 2205 eo
487 2154 558 2219 quod
576 2154 611 2203 au
629 2154 701 2203 talos
719 2169 804 2219 arsque
824 2154 977 2203 descendat
999 2161 1028 2204 ct
1046 2156 1081 2205 ad
1099 2158 1183 2222 podes
1201 2158 1313 2223 defluat,

168 2226 242 2275 sient
294 2222 421 2283 ctoralis,
439 2222 506 2287 quia
523 2222 597 2287 apurl
615 2222 743 2286 antiquos
762 2222 854 2273 breuis
872 2229 943 2283 orat,
962 2228 992 2272 ut
1011 2229 1116 2273 tanturn
1134 2234 1231 2289 pectus
1249 2242 1313 2292 opo-

168 2294 247 2351 riret,
275 2292 333 2341 icet
355 2304 429 2339 nunc
452 2291 590 2354 profusior
611 2291 657 2339 ait
699 2290 859 2339 manuleata
876 2292 972 2339 tunica
990 2291 1017 2339 id
1037 2300 1079 2340 est
1097 2293 1252 2355 manicata,
1281 2310 1314 2345 co

172 2358 246 2425 qnod
260 2358 369 2409 babeat
386 2360 513 2407 manicas
530 2372 611 2421 quam
629 2349 795 2422 χειριδωτόν
815 2356 917 2406 Graeci
934 2363 1045 2406 uocant.
1075 2358 1235 2409 Dalmatica
1252 2376 1315 2411 ues-

167 2428 206 2476 tls
223 2427 342 2492 primurn
359 2426 390 2474 iu
407 2424 550 2474 Dalmatia
567 2426 712 2489 prouincia
730 2424 867 2474 Graeciae
884 2431 962 2473 texta
985 2431 1027 2473 aot
1115 2426 1234 2476 candida
1252 2444 1313 2477 cum

170 2494 259 2544 clanis
276 2508 312 2543 ex
328 2506 460 2559 purpura.
501 2497 610 2542 russata
633 2507 714 2557 quam
733 2492 834 2541 Graeci
853 2492 1034 2557 phoeniceam
1053 2500 1158 2541 uocant
1179 2509 1228 2542 nos
1252 2510 1313 2544 coc·

171 2563 281 2611 cineam
303 2566 416 2627 reperta
441 2575 458 2609 s
475 2560 706 2610 Lacedaemoniis
725 2560 760 2608 acl
779 2559 925 2609 celandum
944 2560 1042 2608 coloris
1056 2560 1236 2609 similitudine
1250 2577 1313 2610 san-

170 2630 296 2695 gninem,
314 2629 444 2694 qrrotiens
461 2630 522 2693 quis
540 2629 569 2677 in
587 2628 648 2677 acic
667 2627 866 2690 uulnerarctur,
886 2643 920 2676 nc
940 2627 1137 2692 contemplanti
1155 2627 1314 2679 aduersario

171 2698 279 2747 animus
302 2704 477 2761 augesceret.
512 2696 566 2745 bac
583 2696 634 2745 sub
653 2695 811 2744 consulibua
829 2696 947 2745 ltomani
965 2697 1008 2744 usi
1025 2703 1089 2744 sunt
1107 2695 1222 2755 milites,
1241 2697 1313 2747 undo

171 2766 256 2815 etiarn
272 2764 377 2814 russati
396 2764 576 2813 uocabantur.
612 2764 720 2813 solebat
739 2765 823 2812 etiam
840 2764 944 2827 pridie,
968 2778 1048 2827 quiam
1067 2764 1252 2813 dimicandum
1271 2779 1313 2813 es·

171 2842 227 2893 set,
246 2838 313 2882 ante
331 2831 472 2897 principio
494 2832 623 2897 proponi,
643 2831 722 2896 quasi
745 2831 896 2879 admonitio
920 2840 947 2880 et
966 2832 1096 2879 indicium
1120 2833 1228 2881 suturae
1246 2847 1314 2898 pug-

171 2915 233 2950 nae.
274 2900 402 2949 laculata
424 2906 480 2959 est,
504 2914 575 2964 quac
598 2899 676 2948 lacus
701 2900 848 2963 quadratos
867 2899 998 2963 quosdam
1022 2914 1083 2947 cum
1101 2901 1211 2964 pictura
1229 2900 1314 2949 babet

171 2970 292 3018 intextos
302 2973 353 3017 sut
367 2966 476 3017 additos
488 2982 549 3017 scu.
578 2966 761 3029 hyacinthina
775 2967 861 3015 uestis
879 2973 922 3014 est
935 2968 1010 3014 aerio
1024 2966 1113 3016 colore
1125 2969 1313 3032 resplendens.

173 3034 340 3086 molochinia
357 3050 429 3101 quae
441 3034 593 3084 meluarnm
611 3035 729 3083 stamine
747 3033 903 3093 coniicitur,
922 3049 1002 3097 aluum
1020 3034 1069 3082 alii
1088 3033 1251 3085 molocinam
1265 3036 1314 3086 alii

173 3102 332 3153 malaellam
342 3108 455 3153 uocant.
475 3101 639 3164 bombycina
652 3107 694 3150 est
707 3117 724 3150 a
733 3102 867 3164 bombyce
880 3101 1041 3161 uermiculo,
1055 3104 1101 3166 qui
1110 3102 1271 3165 longissima
1281 3120 1315 3155 ex

172 3188 202 3223 se
210 3170 259 3221 fila
268 3176 397 3237 generat,
408 3184 520 3234 quornm
530 3173 639 3218 textura
648 3169 840 3232 bombycinum
853 3168 960 3229 (licitur,
973 3170 1169 3233 conficiturque
1182 3172 1211 3219 in
1224 3172 1315 3221 insula

173 3240 239 3290 Coo.
249 3238 425 3305 apocalama.
444 3237 535 3287 serica
548 3238 666 3311 anserico
679 3237 764 3293 dicta.
775 3236 820 3285 uel
833 3236 905 3301 quod
916 3252 976 3286 cnm
986 3237 1068 3286 Seres
1077 3238 1158 3301 primi
1173 3240 1313 3290 miserunt.

173 3307 332 3359 holoserica
353 3312 414 3356 tota
436 3306 541 3355 sericas
565 3305 633 3354 olor
655 3306 728 3354 enim
751 3309 846 3354 totum.
888 3305 1067 3354 tramoserica
1090 3305 1208 3354 stamine
1226 3307 1315 3356 linco:

174 3382 262 3425 trama
280 3389 315 3425 cx
331 3374 433 3425 serico.
467 3372 669 3437 holoporphyra
687 3378 746 3422 tota
765 3388 798 3420 cx
817 3387 946 3436 purpura.
981 3372 1095 3434 byssina
1113 3373 1233 3421 candida
1251 3390 1315 3424 con·

174 3444 247 3493 testa
265 3458 302 3493 ex
318 3442 438 3507 quodam
455 3455 556 3507 genere
575 3440 624 3489 lini
642 3441 795 3504 grossioris.
818 3444 884 3488 crint
896 3448 924 3488 ct
942 3440 987 3504 qui
1006 3455 1093 3501 penus
1111 3440 1245 3503 quoddam
1263 3441 1316 3491 lini

175 3512 284 3574 byssum
301 3526 364 3561 cass
383 3509 549 3558 existiment
585 3506 685 3557 fibrina
703 3513 818 3556 tramam
837 3506 870 3555 dc
890 3506 950 3557 fibri
969 3507 1034 3555 lana
1057 3506 1170 3555 babens.
1207 3510 1314 3573 aprina.

175 3578 332 3629 masticina.
369 3590 460 3626 mena.
494 3575 570 3625 linea
593 3590 662 3639 quac
687 3590 720 3624 cx
739 3575 796 3623 solo
815 3574 871 3622 lino
890 3574 928 3623 lit.
957 3574 1104 3623 linostema
1117 3577 1202 3623 rrestis
1221 3582 1264 3625 est
1282 3591 1315 3626 ex

175 3646 238 3697 lana
255 3645 369 3709 linoque
391 3648 531 3694 contexta.
565 3649 593 3692 et
615 3643 691 3691 dicta
714 3643 872 3699 linostema,
899 3643 964 3706 quia
982 3644 1009 3690 in
1028 3643 1144 3691 stamine
1162 3643 1262 3706 linum,
1286 3644 1315 3693 in

174 3720 261 3764 trama
279 3713 375 3763 lanam
392 3711 485 3762 habet
520 3716 598 3761 recta
616 3710 716 3759 (licitur
734 3711 828 3765 uestis,
848 3726 929 3774 quam
946 3726 1052 3759 sursum
1070 3726 1178 3760 ucnmm
1197 3717 1315 3761 stantes·

176 3796 225 3846 qne
242 3788 350 3834 texunt,
386 3784 562 3844 segmentata
584 3779 660 3828 zonis
683 3778 844 3842 quibusdam
870 3784 897 3826 et
920 3778 1000 3841 quasi
1023 3780 1253 3842 praecisamentis
1271 3796 1314 3829 or·

176 3854 249 3899 nata.
289 3864 355 3899 nam
383 3853 413 3896 ct
434 3848 587 3913 particulas
610 3849 772 3909 cuicumque
796 3846 929 3894 materiae
954 3846 1095 3895 abscissus
1120 3849 1316 3911 praesegmina

176 3924 284 3967 uocant.
320 3916 472 3966 leuirlensia
495 3915 567 3979 quod
588 3914 719 3964 raro·lilo
747 3914 784 3962 sit
812 3913 965 3977 leuiterque
993 3914 1119 3963 densata.
1161 3916 1316 3979 punitensis

177 3986 314 4034 contraria
332 3983 483 4043 lcuidensi,
507 3982 583 4032 dicta
607 3982 676 4046 qrroil
699 3982 823 4046 grauiter
845 3996 941 4045 pressa
960 3989 1043 4045 atque
1062 3983 1172 4032 calciata
1197 3984 1240 4031 ait.
1277 3984 1315 4032 ci-

176 4059 248 4102 trosa
265 4053 347 4117 qussi
366 4052 511 4115 concrispa
530 4051 564 4099 ad
583 4050 788 4099 similitudinem
807 4049 879 4097 citri.
909 4050 1043 4098 Naeuius:
1063 4051 1263 4114 l'ulcbromquc
1283 4066 1316 4099 cx

178 4134 241 4171 atrro
257 4126 420 4183 uestemque
439 4118 578 4168 citrosam.
619 4117 739 4166 uelcnais
758 4117 853 4165 tunica
872 4122 927 4173 est,
955 4132 1025 4181 quoe
1049 4117 1163 4167 affertur
1186 4134 1219 4166 cx
1242 4118 1315 4166 insu·

178 4187 218 4236 lis.
248 4189 362 4239 exotica
379 4187 526 4236 uestisest
543 4187 692 4250 peregrina
710 4184 743 4231 de
768 4183 834 4232 ioris
857 4186 981 4233 ueniens.
1092 4185 1224 4249 polymita
1249 4183 1316 4232 mul·

178 4256 311 4315 tisoloris;
336 4255 484 4320 polymitus
503 4255 575 4305 enirn
587 4260 678 4303 textus
696 4249 840 4299 multorum
860 4251 980 4300 colorum
993 4256 1043 4301 cst.
1077 4254 1206 4316 acupicta
1229 4252 1316 4302 uestis

178 4338 227 4373 seu
247 4324 355 4373 textilis
378 4322 423 4371 uel
448 4337 500 4371 acu
522 4330 628 4372 ornata.
666 4319 761 4369 cadem
786 4326 814 4367 ct
833 4319 965 4382 l'brypia3
990 4320 1070 4368 buius
1093 4321 1164 4367 enim
1183 4320 1250 4367 artis
1268 4334 1316 4383 pe·

179 4392 222 4441 riti
238 4392 355 4457 Pbrygii
375 4405 470 4441 omnes
493 4389 632 4453 dicuntur,
656 4390 715 4439 siue
740 4388 805 4450 quia
830 4390 856 4436 in
881 4386 1002 4452 Phrygia
1024 4388 1138 4434 iuuenta
1157 4391 1208 4435 cst.
1242 4386 1329 4438 unda
