<?xml version="1.0" encoding="UTF-8"?>
<!DOCTYPE html PUBLIC "-//W3C//DTD XHTML 1.0 Transitional//EN"
    "http://www.w3.org/TR/xhtml1/DTD/xhtml1-transitional.dtd">
<html xmlns="http://www.w3.org/1999/xhtml" xml:lang="en" lang="en">
 <head>
  <title>
</title>
<meta http-equiv="Content-Type" content="text/html;charset=utf-8" />
  <meta name='ocr-system' content='tesseract 3.04.00' />
  <meta name='ocr-capabilities' content='ocr_page ocr_carea ocr_par ocr_line ocrx_word'/>
</head>
<body>
  <div class='ocr_page' id='page_1' title='image "./csvetonitranqvi00ritsgoog_0274.png"; bbox 0 0 2964 5002; ppageno 0'>
   <div class='ocr_carea' id='block_1_1' title="bbox 577 385 1314 447">
    <p class='ocr_par' dir='ltr' id='par_1_1' title="bbox 577 385 1314 447">
     <span class='ocr_line' id='line_1_1' title="bbox 577 385 1314 447; baseline 0.007 -7"><span class='ocrx_word' id='word_1_1' title='bbox 577 400 619 440; x_wconf 83' lang='lat' dir='ltr'><strong>ns</strong></span> <span class='ocrx_word' id='word_1_2' title='bbox 643 398 784 443; x_wconf 71' lang='lat' dir='ltr'><strong>naevius</strong></span> <span class='ocrx_word' id='word_1_3' title='bbox 808 400 917 442; x_wconf 74' lang='lat' dir='ltr'><strong>annunt</strong></span> <span class='ocrx_word' id='word_1_4' title='bbox 1251 385 1314 447; x_wconf 71' lang='lat'><strong>239</strong></span> 
     </span>
    </p>
   </div>
   <div class='ocr_carea' id='block_1_2' title="bbox 165 545 1316 1037">
    <p class='ocr_par' dir='ltr' id='par_1_2' title="bbox 165 545 1316 1037">
     <span class='ocr_line' id='line_1_2' title="bbox 179 545 1313 633; baseline -0.002 -22"><span class='ocrx_word' id='word_1_5' title='bbox 179 548 384 633; x_wconf 74' lang='lat' dir='ltr'>languescens</span> <span class='ocrx_word' id='word_1_6' title='bbox 410 547 526 612; x_wconf 90' lang='lat' dir='ltr'><strong>morbo</strong></span> <span class='ocrx_word' id='word_1_7' title='bbox 557 568 675 631; x_wconf 91' lang='lat' dir='ltr'><strong>corpus</strong></span> <span class='ocrx_word' id='word_1_8' title='bbox 704 557 761 610; x_wconf 89' lang='lat' dir='ltr'><strong>aut</strong></span> <span class='ocrx_word' id='word_1_9' title='bbox 789 545 955 610; x_wconf 84' lang='lat' dir='ltr'>ulceribus</span> <span class='ocrx_word' id='word_1_10' title='bbox 979 547 1072 609; x_wconf 89' lang='lat' dir='ltr'><strong>tetris</strong></span> <span class='ocrx_word' id='word_1_11' title='bbox 1101 554 1158 609; x_wconf 89' lang='lat' dir='ltr'><strong>aut</strong></span> <span class='ocrx_word' id='word_1_12' title='bbox 1182 567 1313 630; x_wconf 88' lang='lat' dir='ltr'><strong>percus·</strong></span> 
     </span>
     <span class='ocr_line' id='line_1_3' title="bbox 180 646 1315 732; baseline -0.004 -20"><span class='ocrx_word' id='word_1_13' title='bbox 180 651 257 713; x_wconf 83' lang='lat' dir='ltr'><strong>sione</strong></span> <span class='ocrx_word' id='word_1_14' title='bbox 279 649 392 713; x_wconf 85' lang='lat' dir='ltr'><strong>subite</strong></span> <span class='ocrx_word' id='word_1_15' title='bbox 412 649 630 712; x_wconf 81' lang='lat' dir='ltr'><strong>exanimetur.</strong></span> <span class='ocrx_word' id='word_1_16' title='bbox 664 649 748 712; x_wconf 90' lang='lat' dir='ltr'><strong>sicut</strong></span> <span class='ocrx_word' id='word_1_17' title='bbox 771 649 858 711; x_wconf 87' lang='lat' dir='ltr'><strong>enim</strong></span> <span class='ocrx_word' id='word_1_18' title='bbox 880 647 961 710; x_wconf 89' lang='lat' dir='ltr'><strong>caeli</strong></span> <span class='ocrx_word' id='word_1_19' title='bbox 978 647 1123 711; x_wconf 88' lang='lat' dir='ltr'><strong>nouitate</strong></span> <span class='ocrx_word' id='word_1_20' title='bbox 1142 646 1195 710; x_wconf 87' lang='lat' dir='ltr'><strong>uel</strong></span> <span class='ocrx_word' id='word_1_21' title='bbox 1217 669 1315 732; x_wconf 84' lang='lat' dir='ltr'><strong>aqna-</strong></span> 
     </span>
     <span class='ocr_line' id='line_1_4' title="bbox 180 747 1314 835; baseline -0.004 -19"><span class='ocrx_word' id='word_1_22' title='bbox 180 772 238 815; x_wconf 89' lang='lat' dir='ltr'><strong>rum</strong></span> <span class='ocrx_word' id='word_1_23' title='bbox 258 750 414 835; x_wconf 84' lang='lat' dir='ltr'><strong>temptari</strong></span> <span class='ocrx_word' id='word_1_24' title='bbox 436 747 683 812; x_wconf 84' lang='lat' dir='ltr'><strong>aduenientium</strong></span> <span class='ocrx_word' id='word_1_25' title='bbox 705 770 842 834; x_wconf 86' lang='lat' dir='ltr'><strong>corpore</strong></span> <span class='ocrx_word' id='word_1_26' title='bbox 863 757 1062 811; x_wconf 86' lang='lat' dir='ltr'><strong>consuerunt</strong></span> <span class='ocrx_word' id='word_1_27' title='bbox 1082 747 1164 811; x_wconf 87' lang='lat' dir='ltr'><strong>adeo</strong></span> <span class='ocrx_word' id='word_1_28' title='bbox 1180 756 1218 810; x_wconf 92' lang='lat' dir='ltr'><strong>ut</strong></span> <span class='ocrx_word' id='word_1_29' title='bbox 1233 770 1314 811; x_wconf 87' lang='lat' dir='ltr'><strong>rnor-</strong></span> 
     </span>
     <span class='ocr_line' id='line_1_5' title="bbox 180 847 1315 938; baseline -0.004 -23"><span class='ocrx_word' id='word_1_30' title='bbox 180 852 244 915; x_wconf 89' lang='lat' dir='ltr'><strong>hum</strong></span> <span class='ocrx_word' id='word_1_31' title='bbox 265 851 473 938; x_wconf 78' lang='lat' dir='ltr'><strong>concipiant,</strong></span> <span class='ocrx_word' id='word_1_32' title='bbox 504 851 551 919; x_wconf 78' lang='lat' dir='ltr'><strong>ita</strong></span> <span class='ocrx_word' id='word_1_33' title='bbox 573 850 672 913; x_wconf 88' lang='lat' dir='ltr'><strong>etiam</strong></span> <span class='ocrx_word' id='word_1_34' title='bbox 694 871 751 914; x_wconf 89' lang='lat' dir='ltr'><strong>aer</strong></span> <span class='ocrx_word' id='word_1_35' title='bbox 772 857 944 934; x_wconf 85' lang='lat' dir='ltr'><strong>corruptus</strong></span> <span class='ocrx_word' id='word_1_36' title='bbox 967 871 1010 911; x_wconf 86' lang='lat' dir='ltr'><strong>ex</strong></span> <span class='ocrx_word' id='word_1_37' title='bbox 1031 849 1105 911; x_wconf 85' lang='lat' dir='ltr'><strong>aliis</strong></span> <span class='ocrx_word' id='word_1_38' title='bbox 1134 847 1215 911; x_wconf 89' lang='lat' dir='ltr'><strong>caeli</strong></span> <span class='ocrx_word' id='word_1_39' title='bbox 1243 870 1315 935; x_wconf 87' lang='lat' dir='ltr'><strong>par-</strong></span> 
     </span>
     <span class='ocr_line' id='line_1_6' title="bbox 165 948 1316 1037; baseline -0.003 -22"><span class='ocrx_word' id='word_1_40' title='bbox 165 952 256 1016; x_wconf 62' lang='lat' dir='ltr'><strong>itibns</strong></span> <span class='ocrx_word' id='word_1_41' title='bbox 277 953 417 1015; x_wconf 89' lang='lat' dir='ltr'><strong>ueniens</strong></span> <span class='ocrx_word' id='word_1_42' title='bbox 440 950 548 1014; x_wconf 87' lang='lat' dir='ltr'><strong>subita</strong></span> <span class='ocrx_word' id='word_1_43' title='bbox 571 948 664 1014; x_wconf 86' lang='lat' dir='ltr'><strong>clade</strong></span> <span class='ocrx_word' id='word_1_44' title='bbox 695 971 813 1037; x_wconf 89' lang='lat' dir='ltr'><strong>corpus</strong></span> <span class='ocrx_word' id='word_1_45' title='bbox 841 951 1019 1034; x_wconf 74' lang='lat' dir='ltr'>corrumpit</span> <span class='ocrx_word' id='word_1_46' title='bbox 1050 948 1156 1035; x_wconf 84' lang='lat' dir='ltr'><strong>adque</strong></span> <span class='ocrx_word' id='word_1_47' title='bbox 1183 958 1316 1036; x_wconf 86' lang='lat' dir='ltr'><strong>repente</strong></span> 
     </span>
    </p>
   </div>
   <div class='ocr_carea' id='block_1_3' title="bbox 183 1051 469 1138">
    <p class='ocr_par' dir='ltr' id='par_1_3' title="bbox 183 1051 469 1138">
     <span class='ocr_line' id='line_1_7' title="bbox 183 1051 469 1138; baseline -0.007 -22"><span class='ocrx_word' id='word_1_48' title='bbox 183 1054 268 1117; x_wconf 85' lang='lat' dir='ltr'><strong>uitam</strong></span> <span class='ocrx_word' id='word_1_49' title='bbox 290 1051 469 1138; x_wconf 82' lang='lat' dir='ltr'><strong>extinguit.</strong></span> 
     </span>
    </p>
   </div>
   <div class='ocr_carea' id='block_1_4' title="bbox 165 1243 1427 1647">
    <p class='ocr_par' dir='ltr' id='par_1_4' title="bbox 187 1243 1427 1544">
     <span class='ocr_line' id='line_1_8' title="bbox 254 1243 1427 1338; baseline -0.003 -18"><span class='ocrx_word' id='word_1_50' title='bbox 254 1256 321 1320; x_wconf 82' lang='lat' dir='ltr'><strong>Cur</strong></span> <span class='ocrx_word' id='word_1_51' title='bbox 343 1270 504 1320; x_wconf 78' lang='lat' dir='ltr'><strong>ocuauvs</strong></span> <span class='ocrx_word' id='word_1_52' title='bbox 528 1249 568 1317; x_wconf 79' lang='lat' dir='ltr'><strong>in&#39;</strong></span> <span class='ocrx_word' id='word_1_53' title='bbox 591 1275 626 1318; x_wconf 91' lang='lat' dir='ltr'><strong>se</strong></span> <span class='ocrx_word' id='word_1_54' title='bbox 649 1253 827 1338; x_wconf 77' lang='lat' dir='ltr'><strong>reciprocis</strong></span> <span class='ocrx_word' id='word_1_55' title='bbox 851 1268 1020 1316; x_wconf 73' lang='lat' dir='ltr'><strong>assumus</strong></span> <span class='ocrx_word' id='word_1_56' title='bbox 1039 1261 1221 1316; x_wconf 86' lang='lat' dir='ltr'><strong>reuertatur·</strong></span> <span class='ocrx_word' id='word_1_57' title='bbox 1245 1243 1427 1317; x_wconf 58' lang='lat' dir='ltr'><strong>*saliri*</strong></span> 
     </span>
     <span class='ocr_line' id='line_1_9' title="bbox 187 1354 1313 1440; baseline -0.003 -20"><span class='ocrx_word' id='word_1_58' title='bbox 187 1358 281 1421; x_wconf 76' lang='lat' dir='ltr'><strong>mesni</strong></span> <span class='ocrx_word' id='word_1_59' title='bbox 303 1357 403 1421; x_wconf 89' lang='lat' dir='ltr'><strong>undis</strong></span> <span class='ocrx_word' id='word_1_60' title='bbox 431 1355 477 1419; x_wconf 88' lang='lat' dir='ltr'><strong>ali</strong></span> <span class='ocrx_word' id='word_1_61' title='bbox 503 1355 612 1419; x_wconf 84' lang='lat' dir='ltr'><strong>sidera</strong></span> <span class='ocrx_word' id='word_1_62' title='bbox 639 1354 752 1417; x_wconf 89' lang='lat' dir='ltr'><strong>dicunt</strong></span> <span class='ocrx_word' id='word_1_63' title='bbox 783 1355 949 1440; x_wconf 85' lang='lat' dir='ltr'><strong>solemque</strong></span> <span class='ocrx_word' id='word_1_64' title='bbox 979 1355 1019 1418; x_wconf 87' lang='lat' dir='ltr'><strong>de</strong></span> <span class='ocrx_word' id='word_1_65' title='bbox 1050 1374 1172 1416; x_wconf 88' lang='lat' dir='ltr'><strong>oceano</strong></span> <span class='ocrx_word' id='word_1_66' title='bbox 1196 1375 1313 1439; x_wconf 87' lang='lat' dir='ltr'><strong>aquam</strong></span> 
     </span>
     <span class='ocr_line' id='line_1_10' title="bbox 187 1453 1314 1544; baseline -0.004 -23"><span class='ocrx_word' id='word_1_67' title='bbox 187 1456 299 1522; x_wconf 84' lang='lat' dir='ltr'><strong>haurire</strong></span> <span class='ocrx_word' id='word_1_68' title='bbox 320 1456 456 1544; x_wconf 78' lang='lat' dir='ltr'><strong>ignibus</strong></span> <span class='ocrx_word' id='word_1_69' title='bbox 477 1459 546 1521; x_wconf 84' lang='lat' dir='ltr'><strong>suis</strong></span> <span class='ocrx_word' id='word_1_70' title='bbox 575 1464 607 1521; x_wconf 91' lang='lat' dir='ltr'><strong>et</strong></span> <span class='ocrx_word' id='word_1_71' title='bbox 634 1458 756 1521; x_wconf 85' lang='lat' dir='ltr'><strong>circum</strong></span> <span class='ocrx_word' id='word_1_72' title='bbox 777 1455 885 1520; x_wconf 88' lang='lat' dir='ltr'><strong>omnia</strong></span> <span class='ocrx_word' id='word_1_73' title='bbox 908 1454 1016 1519; x_wconf 84' lang='lat' dir='ltr'><strong>sidera</strong></span> <span class='ocrx_word' id='word_1_74' title='bbox 1039 1453 1193 1533; x_wconf 87' lang='lat' dir='ltr'><strong>fundere,</strong></span> <span class='ocrx_word' id='word_1_75' title='bbox 1220 1463 1314 1518; x_wconf 88' lang='lat' dir='ltr'><strong>ntea</strong></span> 
     </span>
    </p>

    <p class='ocr_par' dir='ltr' id='par_1_5' title="bbox 165 1554 1315 1647">
     <span class='ocr_line' id='line_1_11' title="bbox 165 1554 1315 1647; baseline -0.001 -27"><span class='ocrx_word' id='word_1_76' title='bbox 165 1567 341 1647; x_wconf 54' lang='lat' dir='ltr'><strong>*recuperes</strong></span> <span class='ocrx_word' id='word_1_77' title='bbox 369 1560 449 1646; x_wconf 90' lang='lat' dir='ltr'><strong>quia</strong></span> <span class='ocrx_word' id='word_1_78' title='bbox 477 1567 554 1622; x_wconf 89' lang='lat' dir='ltr'><strong>sunt</strong></span> <span class='ocrx_word' id='word_1_79' title='bbox 575 1558 683 1643; x_wconf 83' lang='lat' dir='ltr'><strong>ignea.</strong></span> <span class='ocrx_word' id='word_1_80' title='bbox 736 1554 811 1619; x_wconf 89' lang='lat' dir='ltr'><strong>iude</strong></span> <span class='ocrx_word' id='word_1_81' title='bbox 833 1555 962 1635; x_wconf 90' lang='lat' dir='ltr'><strong>dicunt,</strong></span> <span class='ocrx_word' id='word_1_82' title='bbox 1001 1558 1078 1641; x_wconf 86' lang='lat' dir='ltr'><strong>quia</strong></span> <span class='ocrx_word' id='word_1_83' title='bbox 1109 1577 1181 1619; x_wconf 88' lang='lat' dir='ltr'><strong>curu</strong></span> <span class='ocrx_word' id='word_1_84' title='bbox 1206 1555 1315 1619; x_wconf 90' lang='lat' dir='ltr'><strong>haurit</strong></span> 
     </span>
    </p>
   </div>
   <div class='ocr_carea' id='block_1_5' title="bbox 108 1727 1317 3894">
    <p class='ocr_par' dir='ltr' id='par_1_6' title="bbox 319 1727 1076 1997">
     <span class='ocr_line' id='line_1_12' title="bbox 319 1727 1017 1796; baseline -0.006 -16"><span class='ocrx_word' id='word_1_85' title='bbox 319 1729 389 1780; x_wconf 82' lang='lat' dir='ltr'><strong>haec</strong></span> <span class='ocrx_word' id='word_1_86' title='bbox 408 1730 495 1796; x_wconf 80' lang='lat' dir='ltr'><strong>igitur</strong></span> <span class='ocrx_word' id='word_1_87' title='bbox 513 1729 603 1780; x_wconf 88' lang='lat' dir='ltr'><strong>subito</strong></span> <span class='ocrx_word' id='word_1_88' title='bbox 622 1728 717 1778; x_wconf 85' lang='lat' dir='ltr'><strong>clades</strong></span> <span class='ocrx_word' id='word_1_89' title='bbox 735 1743 807 1777; x_wconf 87' lang='lat' dir='ltr'><strong>noua</strong></span> <span class='ocrx_word' id='word_1_90' title='bbox 824 1727 1017 1793; x_wconf 77' lang='lat' dir='ltr'><strong>pestilitasque</strong></span> 
     </span>
     <span class='ocr_line' id='line_1_13' title="bbox 320 1795 1076 1862; baseline -0.005 -13"><span class='ocrx_word' id='word_1_91' title='bbox 320 1798 414 1849; x_wconf 88' lang='lat' dir='ltr'><strong>autin</strong></span> <span class='ocrx_word' id='word_1_92' title='bbox 433 1811 521 1862; x_wconf 85' lang='lat' dir='ltr'><strong>aquas</strong></span> <span class='ocrx_word' id='word_1_93' title='bbox 540 1796 616 1847; x_wconf 88' lang='lat' dir='ltr'><strong>eadit</strong></span> <span class='ocrx_word' id='word_1_94' title='bbox 635 1801 682 1846; x_wconf 89' lang='lat' dir='ltr'><strong>eut</strong></span> <span class='ocrx_word' id='word_1_95' title='bbox 700 1797 795 1861; x_wconf 77' lang='lat' dir='ltr'><strong>fruges</strong></span> <span class='ocrx_word' id='word_1_96' title='bbox 812 1795 929 1860; x_wconf 79' lang='lat' dir='ltr'><strong>persidit</strong></span> <span class='ocrx_word' id='word_1_97' title='bbox 946 1796 973 1843; x_wconf 92' lang='lat' dir='ltr'><strong>in</strong></span> <span class='ocrx_word' id='word_1_98' title='bbox 992 1796 1076 1861; x_wconf 87' lang='lat' dir='ltr'><strong>ipsas.</strong></span> 
     </span>
     <span class='ocr_line' id='line_1_14' title="bbox 319 1862 1075 1930; baseline -0.009 -13"><span class='ocrx_word' id='word_1_99' title='bbox 319 1865 458 1917; x_wconf 80' lang='lat' dir='ltr'><strong>antelios</strong></span> <span class='ocrx_word' id='word_1_100' title='bbox 476 1865 615 1914; x_wconf 89' lang='lat' dir='ltr'><strong>hominum</strong></span> <span class='ocrx_word' id='word_1_101' title='bbox 633 1870 729 1930; x_wconf 87' lang='lat' dir='ltr'><strong>pastus</strong></span> <span class='ocrx_word' id='word_1_102' title='bbox 748 1863 936 1928; x_wconf 86' lang='lat' dir='ltr'><strong>pecudumque</strong></span> <span class='ocrx_word' id='word_1_103' title='bbox 956 1862 1075 1925; x_wconf 88' lang='lat' dir='ltr'><strong>cibatus,</strong></span> 
     </span>
     <span class='ocr_line' id='line_1_15' title="bbox 319 1931 1014 1997; baseline -0.006 -13"><span class='ocrx_word' id='word_1_104' title='bbox 319 1938 368 1984; x_wconf 81' lang='lat' dir='ltr'><strong>aut</strong></span> <span class='ocrx_word' id='word_1_105' title='bbox 386 1933 472 1983; x_wconf 84' lang='lat' dir='ltr'><strong>etiam</strong></span> <span class='ocrx_word' id='word_1_106' title='bbox 490 1947 625 1997; x_wconf 87' lang='lat' dir='ltr'><strong>suspensa</strong></span> <span class='ocrx_word' id='word_1_107' title='bbox 642 1936 737 1981; x_wconf 85' lang='lat' dir='ltr'><strong>menet</strong></span> <span class='ocrx_word' id='word_1_108' title='bbox 754 1931 797 1979; x_wconf 86' lang='lat' dir='ltr'><strong>uis</strong></span> <span class='ocrx_word' id='word_1_109' title='bbox 816 1945 881 1979; x_wconf 87' lang='lat' dir='ltr'><strong>aere</strong></span> <span class='ocrx_word' id='word_1_110' title='bbox 900 1931 1014 1995; x_wconf 87' lang='lat' dir='ltr'><strong>inipso,</strong></span> 
     </span>
    </p>

    <p class='ocr_par' dir='ltr' id='par_1_7' title="bbox 320 1998 1084 2135">
     <span class='ocr_line' id='line_1_16' title="bbox 320 1998 1041 2059; baseline -0.003 -10"><span class='ocrx_word' id='word_1_111' title='bbox 320 2002 349 2050; x_wconf 80' lang='lat' dir='ltr'><strong>et</strong></span> <span class='ocrx_word' id='word_1_112' title='bbox 367 2015 429 2050; x_wconf 88' lang='lat' dir='ltr'><strong>enm</strong></span> <span class='ocrx_word' id='word_1_113' title='bbox 447 2016 460 2049; x_wconf 91' lang='lat' dir='ltr'><strong>s</strong></span> <span class='ocrx_word' id='word_1_114' title='bbox 481 1998 587 2049; x_wconf 87' lang='lat' dir='ltr'><strong>irantes</strong></span> <span class='ocrx_word' id='word_1_115' title='bbox 605 1999 705 2049; x_wconf 81' lang='lat' dir='ltr'><strong>mixtas</strong></span> <span class='ocrx_word' id='word_1_116' title='bbox 724 1999 789 2048; x_wconf 89' lang='lat' dir='ltr'><strong>hine</strong></span> <span class='ocrx_word' id='word_1_117' title='bbox 807 1998 930 2047; x_wconf 87' lang='lat' dir='ltr'><strong>ducimus</strong></span> <span class='ocrx_word' id='word_1_118' title='bbox 950 2013 1041 2059; x_wconf 85' lang='lat' dir='ltr'><strong>auras,</strong></span> 
     </span>
     <span class='ocr_line' id='line_1_17' title="bbox 320 2016 1084 2135; baseline -0.004 -18"><span class='ocrx_word' id='word_1_119' title='bbox 320 2067 369 2117; x_wconf 92' lang='lat' dir='ltr'><strong>illa</strong></span> <span class='ocrx_word' id='word_1_120' title='bbox 388 2016 496 2135; x_wconf 71' lang='lat' dir='ltr'><strong>quoqhe</strong></span> <span class='ocrx_word' id='word_1_121' title='bbox 515 2067 543 2116; x_wconf 90' lang='lat' dir='ltr'><strong>in</strong></span> <span class='ocrx_word' id='word_1_122' title='bbox 562 2082 660 2131; x_wconf 88' lang='lat' dir='ltr'><strong>eorpus</strong></span> <span class='ocrx_word' id='word_1_123' title='bbox 678 2066 784 2131; x_wconf 87' lang='lat' dir='ltr'><strong>pariter</strong></span> <span class='ocrx_word' id='word_1_124' title='bbox 801 2065 912 2115; x_wconf 89' lang='lat' dir='ltr'><strong>sorbere</strong></span> <span class='ocrx_word' id='word_1_125' title='bbox 930 2071 1084 2115; x_wconf 77' lang='lat' dir='ltr'><strong>necessest.</strong></span> 
     </span>
    </p>

    <p class='ocr_par' dir='ltr' id='par_1_8' title="bbox 108 2132 1315 3281">
     <span class='ocr_line' id='line_1_18' title="bbox 242 2132 1313 2193; baseline -0.002 -5"><span class='ocrx_word' id='word_1_126' title='bbox 242 2132 309 2193; x_wconf 71' lang='lat' dir='ltr'><strong>lii*</strong></span> <span class='ocrx_word' id='word_1_127' title='bbox 325 2132 447 2185; x_wconf 83' lang='lat' dir='ltr'><strong>IsIdorns</strong></span> <span class='ocrx_word' id='word_1_128' title='bbox 459 2134 494 2184; x_wconf 91' lang='lat' dir='ltr'><strong>de</strong></span> <span class='ocrx_word' id='word_1_129' title='bbox 511 2139 612 2183; x_wconf 87' lang='lat' dir='ltr'><strong>natura</strong></span> <span class='ocrx_word' id='word_1_130' title='bbox 631 2149 719 2182; x_wconf 86' lang='lat' dir='ltr'><strong>rerum</strong></span> <span class='ocrx_word' id='word_1_131' title='bbox 737 2132 799 2182; x_wconf 83' lang='lat' dir='ltr'><strong>XL:</strong></span> <span class='ocrx_word' id='word_1_132' title='bbox 824 2133 877 2182; x_wconf 84' lang='lat' dir='ltr'><strong>‘De</strong></span> <span class='ocrx_word' id='word_1_133' title='bbox 897 2133 996 2181; x_wconf 85' lang='lat' dir='ltr'><strong>oceani</strong></span> <span class='ocrx_word' id='word_1_134' title='bbox 1015 2139 1101 2183; x_wconf 84' lang='lat' dir='ltr'><strong>aestu.</strong></span> <span class='ocrx_word' id='word_1_135' title='bbox 1133 2134 1246 2185; x_wconf 81' lang='lat' dir='ltr'><strong>Cur...</strong></span> <span class='ocrx_word' id='word_1_136' title='bbox 1261 2152 1313 2186; x_wconf 87' lang='lat' dir='ltr'><strong>re—</strong></span> 
     </span>
     <span class='ocr_line' id='line_1_19' title="bbox 187 2199 1314 2269; baseline 0.004 -20"><span class='ocrx_word' id='word_1_137' title='bbox 187 2210 340 2266; x_wconf 78' lang='lat' dir='ltr'><strong>uertatur,</strong></span> <span class='ocrx_word' id='word_1_138' title='bbox 358 2200 516 2269; x_wconf 85' lang='lat' dir='ltr'><strong>philosophi</strong></span> <span class='ocrx_word' id='word_1_139' title='bbox 534 2201 671 2263; x_wconf 86' lang='lat' dir='ltr'><strong>mnndum,</strong></span> <span class='ocrx_word' id='word_1_140' title='bbox 691 2206 721 2250; x_wconf 90' lang='lat' dir='ltr'><strong>ut</strong></span> <span class='ocrx_word' id='word_1_141' title='bbox 739 2202 825 2249; x_wconf 82' lang='lat' dir='ltr'><strong>refert</strong></span> <span class='ocrx_word' id='word_1_142' title='bbox 843 2199 965 2257; x_wconf 86' lang='lat' dir='ltr'><strong>Solinus,</strong></span> <span class='ocrx_word' id='word_1_143' title='bbox 991 2217 1025 2250; x_wconf 81' lang='lat' dir='ltr'><strong>ex</strong></span> <span class='ocrx_word' id='word_1_144' title='bbox 1048 2208 1176 2266; x_wconf 91' lang='lat' dir='ltr'><strong>quattuor</strong></span> <span class='ocrx_word' id='word_1_145' title='bbox 1201 2203 1314 2254; x_wconf 80' lang='lat' dir='ltr'><strong>elimen-</strong></span> 
     </span>
     <span class='ocr_line' id='line_1_20' title="bbox 186 2267 1314 2336; baseline 0.005 -20"><span class='ocrx_word' id='word_1_146' title='bbox 186 2268 214 2316; x_wconf 81' lang='lat' dir='ltr'><strong>tis</strong></span> <span class='ocrx_word' id='word_1_147' title='bbox 232 2271 307 2336; x_wconf 86' lang='lat' dir='ltr'><strong>qnasi</strong></span> <span class='ocrx_word' id='word_1_148' title='bbox 335 2269 472 2336; x_wconf 78' lang='lat' dir='ltr'><strong>quoddam</strong></span> <span class='ocrx_word' id='word_1_149' title='bbox 496 2269 601 2319; x_wconf 82' lang='lat' dir='ltr'><strong>arrimal</strong></span> <span class='ocrx_word' id='word_1_150' title='bbox 624 2284 685 2318; x_wconf 82' lang='lat' dir='ltr'><strong>esse.</strong></span> <span class='ocrx_word' id='word_1_151' title='bbox 714 2267 809 2317; x_wconf 85' lang='lat' dir='ltr'><strong>dicunt</strong></span> <span class='ocrx_word' id='word_1_152' title='bbox 833 2272 992 2317; x_wconf 90' lang='lat' dir='ltr'><strong>concretum</strong></span> <span class='ocrx_word' id='word_1_153' title='bbox 1015 2270 1172 2333; x_wconf 79' lang='lat' dir='ltr'><strong>mmmrique</strong></span> <span class='ocrx_word' id='word_1_154' title='bbox 1197 2271 1314 2335; x_wconf 87' lang='lat' dir='ltr'><strong>quodam</strong></span> 
     </span>
     <span class='ocr_line' id='line_1_21' title="bbox 185 2334 1315 2402; baseline 0.004 -18"><span class='ocrx_word' id='word_1_155' title='bbox 185 2336 265 2400; x_wconf 77' lang='lat' dir='ltr'><strong>spiritu</strong></span> <span class='ocrx_word' id='word_1_156' title='bbox 283 2343 311 2388; x_wconf 87' lang='lat' dir='ltr'><strong>et</strong></span> <span class='ocrx_word' id='word_1_157' title='bbox 323 2339 397 2387; x_wconf 85' lang='lat' dir='ltr'><strong>slent</strong></span> <span class='ocrx_word' id='word_1_158' title='bbox 415 2337 444 2385; x_wconf 88' lang='lat' dir='ltr'><strong>in</strong></span> <span class='ocrx_word' id='word_1_159' title='bbox 462 2336 622 2402; x_wconf 83' lang='lat' dir='ltr'><strong>corporibus</strong></span> <span class='ocrx_word' id='word_1_160' title='bbox 640 2334 741 2389; x_wconf 85' lang='lat' dir='ltr'><strong>nostris</strong></span> <span class='ocrx_word' id='word_1_161' title='bbox 759 2335 912 2400; x_wconf 87' lang='lat' dir='ltr'><strong>respirandi</strong></span> <span class='ocrx_word' id='word_1_162' title='bbox 930 2334 1069 2384; x_wconf 89' lang='lat' dir='ltr'><strong>habentur</strong></span> <span class='ocrx_word' id='word_1_163' title='bbox 1087 2339 1260 2397; x_wconf 81' lang='lat' dir='ltr'><strong>commercia,</strong></span> <span class='ocrx_word' id='word_1_164' title='bbox 1276 2341 1315 2389; x_wconf 91' lang='lat' dir='ltr'><strong>ita</strong></span> 
     </span>
     <span class='ocr_line' id='line_1_22' title="bbox 185 2402 1315 2471; baseline 0.004 -19"><span class='ocrx_word' id='word_1_165' title='bbox 185 2402 208 2452; x_wconf 86' lang='lat' dir='ltr'><strong>ia</strong></span> <span class='ocrx_word' id='word_1_166' title='bbox 220 2405 358 2471; x_wconf 74' lang='lat' dir='ltr'><strong>profundis</strong></span> <span class='ocrx_word' id='word_1_167' title='bbox 376 2402 479 2455; x_wconf 87' lang='lat' dir='ltr'><strong>oceani</strong></span> <span class='ocrx_word' id='word_1_168' title='bbox 497 2419 558 2453; x_wconf 83' lang='lat' dir='ltr'><strong>esse</strong></span> <span class='ocrx_word' id='word_1_169' title='bbox 577 2404 708 2468; x_wconf 88' lang='lat' dir='ltr'><strong>quosdam</strong></span> <span class='ocrx_word' id='word_1_170' title='bbox 727 2409 834 2453; x_wconf 74' lang='lat' dir='ltr'><strong>irrentus</strong></span> <span class='ocrx_word' id='word_1_171' title='bbox 852 2408 1009 2459; x_wconf 70' lang='lat' dir='ltr'><strong>creatorum,</strong></span> <span class='ocrx_word' id='word_1_172' title='bbox 1029 2402 1115 2452; x_wconf 86' lang='lat' dir='ltr'><strong>ueluti</strong></span> <span class='ocrx_word' id='word_1_173' title='bbox 1128 2405 1220 2453; x_wconf 90' lang='lat' dir='ltr'><strong>numdi</strong></span> <span class='ocrx_word' id='word_1_174' title='bbox 1228 2421 1315 2456; x_wconf 84' lang='lat' dir='ltr'><strong>rnsres</strong></span> 
     </span>
     <span class='ocr_line' id='line_1_23' title="bbox 184 2469 1315 2549; baseline 0.003 -29"><span class='ocrx_word' id='word_1_175' title='bbox 184 2484 223 2534; x_wconf 80' lang='lat' dir='ltr'><strong>per</strong></span> <span class='ocrx_word' id='word_1_176' title='bbox 238 2488 304 2539; x_wconf 86' lang='lat' dir='ltr'><strong>quas</strong></span> <span class='ocrx_word' id='word_1_177' title='bbox 324 2472 419 2522; x_wconf 82' lang='lat' dir='ltr'><strong>emissi</strong></span> <span class='ocrx_word' id='word_1_178' title='bbox 438 2471 577 2522; x_wconf 72' lang='lat' dir='ltr'><strong>anhelitus</strong></span> <span class='ocrx_word' id='word_1_179' title='bbox 595 2471 641 2521; x_wconf 87' lang='lat' dir='ltr'><strong>uel</strong></span> <span class='ocrx_word' id='word_1_180' title='bbox 659 2470 774 2520; x_wconf 83' lang='lat' dir='ltr'><strong>retracti</strong></span> <span class='ocrx_word' id='word_1_181' title='bbox 794 2469 901 2519; x_wconf 86' lang='lat' dir='ltr'><strong>alterno</strong></span> <span class='ocrx_word' id='word_1_182' title='bbox 921 2485 1037 2518; x_wconf 82' lang='lat' dir='ltr'><strong>accessu</strong></span> <span class='ocrx_word' id='word_1_183' title='bbox 1050 2484 1223 2549; x_wconf 53' lang='lat' dir='ltr'><strong>revsuque,</strong></span> <span class='ocrx_word' id='word_1_184' title='bbox 1243 2487 1315 2523; x_wconf 84' lang='lat' dir='ltr'><strong>urrnc</strong></span> 
     </span>
     <span class='ocr_line' id='line_1_24' title="bbox 185 2536 1315 2606; baseline 0.004 -21"><span class='ocrx_word' id='word_1_185' title='bbox 185 2548 339 2606; x_wconf 82' lang='lat' dir='ltr'><strong>euaporantc</strong></span> <span class='ocrx_word' id='word_1_186' title='bbox 368 2539 468 2605; x_wconf 89' lang='lat' dir='ltr'><strong>spiritu</strong></span> <span class='ocrx_word' id='word_1_187' title='bbox 496 2537 593 2588; x_wconf 84' lang='lat' dir='ltr'><strong>oll&#39;lsnt</strong></span> <span class='ocrx_word' id='word_1_188' title='bbox 621 2538 723 2594; x_wconf 84' lang='lat' dir='ltr'><strong>maria,</strong></span> <span class='ocrx_word' id='word_1_189' title='bbox 753 2553 825 2585; x_wconf 89' lang='lat' dir='ltr'><strong>nunc</strong></span> <span class='ocrx_word' id='word_1_190' title='bbox 855 2536 1013 2585; x_wconf 78' lang='lat' dir='ltr'><strong>retrahente</strong></span> <span class='ocrx_word' id='word_1_191' title='bbox 1044 2538 1141 2601; x_wconf 75' lang='lat' dir='ltr'><strong>spiritu</strong></span> <span class='ocrx_word' id='word_1_192' title='bbox 1170 2540 1315 2590; x_wconf 87' lang='lat' dir='ltr'><strong>reducent.</strong></span> 
     </span>
     <span class='ocr_line' id='line_1_25' title="bbox 184 2604 1314 2672; baseline 0 -17"><span class='ocrx_word' id='word_1_193' title='bbox 184 2606 278 2669; x_wconf 86' lang='lat' dir='ltr'><strong>quidam</strong></span> <span class='ocrx_word' id='word_1_194' title='bbox 296 2613 390 2657; x_wconf 85' lang='lat' dir='ltr'><strong>sutem</strong></span> <span class='ocrx_word' id='word_1_195' title='bbox 408 2605 630 2672; x_wconf 89' lang='lat' dir='ltr'><strong>philosophorum</strong></span> <span class='ocrx_word' id='word_1_196' title='bbox 649 2605 758 2665; x_wconf 87' lang='lat' dir='ltr'><strong>uolunt,</strong></span> <span class='ocrx_word' id='word_1_197' title='bbox 783 2604 822 2652; x_wconf 87' lang='lat' dir='ltr'><strong>ait</strong></span> <span class='ocrx_word' id='word_1_198' title='bbox 834 2605 1008 2663; x_wconf 73' lang='lat' dir='ltr'><strong>Artabrosius,</strong></span> <span class='ocrx_word' id='word_1_199' title='bbox 1030 2620 1089 2653; x_wconf 85' lang='lat' dir='ltr'><strong>eum</strong></span> <span class='ocrx_word' id='word_1_200' title='bbox 1110 2612 1256 2669; x_wconf 83' lang='lat' dir='ltr'><strong>augmento</strong></span> <span class='ocrx_word' id='word_1_201' title='bbox 1275 2608 1314 2656; x_wconf 94' lang='lat' dir='ltr'><strong>lu-</strong></span> 
     </span>
     <span class='ocr_line' id='line_1_26' title="bbox 183 2670 1312 2738; baseline 0.002 -17"><span class='ocrx_word' id='word_1_202' title='bbox 183 2676 232 2723; x_wconf 81' lang='lat' dir='ltr'><strong>nari</strong></span> <span class='ocrx_word' id='word_1_203' title='bbox 253 2690 380 2725; x_wconf 86' lang='lat' dir='ltr'><strong>crescere</strong></span> <span class='ocrx_word' id='word_1_204' title='bbox 399 2689 548 2733; x_wconf 88' lang='lat' dir='ltr'><strong>oceanum,</strong></span> <span class='ocrx_word' id='word_1_205' title='bbox 573 2679 600 2723; x_wconf 86' lang='lat' dir='ltr'><strong>ot</strong></span> <span class='ocrx_word' id='word_1_206' title='bbox 624 2679 763 2736; x_wconf 88' lang='lat' dir='ltr'><strong>tamquam</strong></span> <span class='ocrx_word' id='word_1_207' title='bbox 788 2672 846 2721; x_wconf 89' lang='lat' dir='ltr'><strong>eius</strong></span> <span class='ocrx_word' id='word_1_208' title='bbox 871 2670 1033 2737; x_wconf 86' lang='lat' dir='ltr'><strong>quibusdam</strong></span> <span class='ocrx_word' id='word_1_209' title='bbox 1057 2674 1254 2738; x_wconf 80' lang='lat' dir='ltr'><strong>spirationibus</strong></span> <span class='ocrx_word' id='word_1_210' title='bbox 1272 2690 1312 2723; x_wconf 89' lang='lat' dir='ltr'><strong>re-</strong></span> 
     </span>
     <span class='ocr_line' id='line_1_27' title="bbox 182 2738 1313 2803; baseline 0.004 -16"><span class='ocrx_word' id='word_1_211' title='bbox 182 2747 282 2793; x_wconf 85' lang='lat' dir='ltr'><strong>trorsum</strong></span> <span class='ocrx_word' id='word_1_212' title='bbox 301 2742 431 2792; x_wconf 87' lang='lat' dir='ltr'><strong>trahetur</strong></span> <span class='ocrx_word' id='word_1_213' title='bbox 455 2747 483 2791; x_wconf 87' lang='lat' dir='ltr'><strong>ct</strong></span> <span class='ocrx_word' id='word_1_214' title='bbox 505 2742 602 2790; x_wconf 86' lang='lat' dir='ltr'><strong>itermu</strong></span> <span class='ocrx_word' id='word_1_215' title='bbox 627 2738 749 2789; x_wconf 82' lang='lat' dir='ltr'><strong>eiusdem</strong></span> <span class='ocrx_word' id='word_1_216' title='bbox 774 2739 883 2803; x_wconf 75' lang='lat' dir='ltr'><strong>inpulsu</strong></span> <span class='ocrx_word' id='word_1_217' title='bbox 908 2754 941 2788; x_wconf 87' lang='lat' dir='ltr'><strong>ar.</strong></span> <span class='ocrx_word' id='word_1_218' title='bbox 966 2744 1089 2791; x_wconf 83' lang='lat' dir='ltr'><strong>retractu</strong></span> <span class='ocrx_word' id='word_1_219' title='bbox 1113 2742 1140 2790; x_wconf 90' lang='lat' dir='ltr'><strong>iu</strong></span> <span class='ocrx_word' id='word_1_220' title='bbox 1159 2757 1313 2791; x_wconf 88' lang='lat' dir='ltr'><strong>mensuram</strong></span> 
     </span>
     <span class='ocr_line' id='line_1_28' title="bbox 181 2808 1312 2875; baseline 0.001 -16"><span class='ocrx_word' id='word_1_221' title='bbox 181 2811 306 2875; x_wconf 79' lang='lat' dir='ltr'><strong>propriam</strong></span> <span class='ocrx_word' id='word_1_222' title='bbox 319 2808 490 2861; x_wconf 79' lang='lat' dir='ltr'><strong>retundatur.</strong></span> <span class='ocrx_word' id='word_1_223' title='bbox 511 2808 560 2858; x_wconf 87' lang='lat' dir='ltr'><strong>elii</strong></span> <span class='ocrx_word' id='word_1_224' title='bbox 574 2823 680 2874; x_wconf 88' lang='lat' dir='ltr'><strong>quoque</strong></span> <span class='ocrx_word' id='word_1_225' title='bbox 693 2808 818 2856; x_wconf 85' lang='lat' dir='ltr'><strong>occani</strong></span> <span class='ocrx_word' id='word_1_226' title='bbox 883 2822 1043 2860; x_wconf 83' lang='lat' dir='ltr'><strong>secunus.</strong></span> <span class='ocrx_word' id='word_1_227' title='bbox 1075 2809 1122 2859; x_wconf 87' lang='lat' dir='ltr'><strong>sed</strong></span> <span class='ocrx_word' id='word_1_228' title='bbox 1140 2814 1228 2858; x_wconf 89' lang='lat' dir='ltr'><strong>utrum</strong></span> <span class='ocrx_word' id='word_1_229' title='bbox 1247 2826 1312 2860; x_wconf 78' lang='lat' dir='ltr'><strong>uren·</strong></span> 
     </span>
     <span class='ocr_line' id='line_1_29' title="bbox 180 2875 1313 2944; baseline 0.003 -20"><span class='ocrx_word' id='word_1_230' title='bbox 180 2884 256 2927; x_wconf 86' lang='lat' dir='ltr'><strong>torum</strong></span> <span class='ocrx_word' id='word_1_231' title='bbox 279 2877 381 2944; x_wconf 85' lang='lat' dir='ltr'><strong>spiritu</strong></span> <span class='ocrx_word' id='word_1_232' title='bbox 406 2892 496 2941; x_wconf 86' lang='lat' dir='ltr'><strong>aquae</strong></span> <span class='ocrx_word' id='word_1_233' title='bbox 521 2876 663 2940; x_wconf 80' lang='lat' dir='ltr'><strong>erigentur</strong></span> <span class='ocrx_word' id='word_1_234' title='bbox 688 2891 723 2924; x_wconf 92' lang='lat' dir='ltr'><strong>au</strong></span> <span class='ocrx_word' id='word_1_235' title='bbox 745 2875 835 2924; x_wconf 89' lang='lat' dir='ltr'><strong>lunari</strong></span> <span class='ocrx_word' id='word_1_236' title='bbox 859 2889 938 2923; x_wconf 85' lang='lat' dir='ltr'><strong>cursu</strong></span> <span class='ocrx_word' id='word_1_237' title='bbox 963 2875 1123 2926; x_wconf 86' lang='lat' dir='ltr'><strong>increscant</strong></span> <span class='ocrx_word' id='word_1_238' title='bbox 1142 2892 1177 2927; x_wconf 85' lang='lat' dir='ltr'><strong>au</strong></span> <span class='ocrx_word' id='word_1_239' title='bbox 1197 2877 1253 2927; x_wconf 81' lang='lat' dir='ltr'><strong>sole</strong></span> <span class='ocrx_word' id='word_1_240' title='bbox 1272 2894 1313 2928; x_wconf 91' lang='lat' dir='ltr'><strong>re·</strong></span> 
     </span>
     <span class='ocr_line' id='line_1_30' title="bbox 180 2942 1314 3011; baseline 0.004 -21"><span class='ocrx_word' id='word_1_241' title='bbox 180 2945 294 2996; x_wconf 82' lang='lat' dir='ltr'><strong>trahente</strong></span> <span class='ocrx_word' id='word_1_242' title='bbox 313 2946 495 3005; x_wconf 76' lang='lat' dir='ltr'><strong>decrescant,</strong></span> <span class='ocrx_word' id='word_1_243' title='bbox 519 2943 570 2992; x_wconf 85' lang='lat' dir='ltr'><strong>hoc</strong></span> <span class='ocrx_word' id='word_1_244' title='bbox 594 2943 646 2991; x_wconf 77' lang='lat' dir='ltr'><strong>deo</strong></span> <span class='ocrx_word' id='word_1_245' title='bbox 665 2942 715 2992; x_wconf 82' lang='lat' dir='ltr'><strong>soli</strong></span> <span class='ocrx_word' id='word_1_246' title='bbox 736 2943 875 3007; x_wconf 77' lang='lat' dir='ltr'><strong>cognitum</strong></span> <span class='ocrx_word' id='word_1_247' title='bbox 895 2948 950 3003; x_wconf 86' lang='lat' dir='ltr'><strong>est,</strong></span> <span class='ocrx_word' id='word_1_248' title='bbox 972 2944 1048 2992; x_wconf 77' lang='lat' dir='ltr'><strong>cuim</strong></span> <span class='ocrx_word' id='word_1_249' title='bbox 1067 2952 1180 3011; x_wconf 89' lang='lat' dir='ltr'><strong>etopus</strong></span> <span class='ocrx_word' id='word_1_250' title='bbox 1199 2946 1314 2996; x_wconf 87' lang='lat' dir='ltr'><strong>mundus</strong></span> 
     </span>
     <span class='ocr_line' id='line_1_31' title="bbox 180 3010 1314 3079; baseline 0.004 -20"><span class='ocrx_word' id='word_1_251' title='bbox 180 3024 211 3061; x_wconf 81' lang='lat' dir='ltr'><strong>err</strong></span> <span class='ocrx_word' id='word_1_252' title='bbox 229 3013 335 3079; x_wconf 86' lang='lat' dir='ltr'><strong>solique</strong></span> <span class='ocrx_word' id='word_1_253' title='bbox 354 3012 448 3062; x_wconf 90' lang='lat' dir='ltr'><strong>mundi</strong></span> <span class='ocrx_word' id='word_1_254' title='bbox 472 3012 544 3060; x_wconf 91' lang='lat' dir='ltr'><strong>ratio</strong></span> <span class='ocrx_word' id='word_1_255' title='bbox 568 3011 680 3075; x_wconf 77' lang='lat' dir='ltr'><strong>cognita</strong></span> <span class='ocrx_word' id='word_1_256' title='bbox 705 3017 756 3059; x_wconf 87' lang='lat' dir='ltr'><strong>est.</strong></span> <span class='ocrx_word' id='word_1_257' title='bbox 793 3010 918 3059; x_wconf 84' lang='lat' dir='ltr'><strong>oceaui</strong></span> <span class='ocrx_word' id='word_1_258' title='bbox 995 3012 1213 3075; x_wconf 85' lang='lat' dir='ltr'><strong>perhibetur,</strong></span> <span class='ocrx_word' id='word_1_259' title='bbox 1244 3015 1314 3078; x_wconf 90' lang='lat' dir='ltr'><strong>quod</strong></span> 
     </span>
     <span class='ocr_line' id='line_1_32' title="bbox 108 3077 1313 3144; baseline 0.003 -17"><span class='ocrx_word' id='word_1_260' title='bbox 108 3086 112 3105; x_wconf 86' lang='lat'>&#39;</span> <span class='ocrx_word' id='word_1_261' title='bbox 179 3082 252 3131; x_wconf 81' lang='lat' dir='ltr'><strong>etiam</strong></span> <span class='ocrx_word' id='word_1_262' title='bbox 275 3080 406 3131; x_wconf 82' lang='lat' dir='ltr'><strong>Clemens</strong></span> <span class='ocrx_word' id='word_1_263' title='bbox 430 3077 583 3143; x_wconf 72' lang='lat' dir='ltr'><strong>(discipulus</strong></span> <span class='ocrx_word' id='word_1_264' title='bbox 607 3078 792 3144; x_wconf 86' lang='lat' dir='ltr'><strong>apostolorum</strong></span> <span class='ocrx_word' id='word_1_265' title='bbox 815 3081 890 3126; x_wconf 86' lang='lat' dir='ltr'><strong>alsus</strong></span> <span class='ocrx_word' id='word_1_266' title='bbox 915 3084 958 3126; x_wconf 85' lang='lat' dir='ltr'><strong>eat</strong></span> <span class='ocrx_word' id='word_1_267' title='bbox 985 3078 1109 3128; x_wconf 85' lang='lat' dir='ltr'><strong>indicare</strong></span> <span class='ocrx_word' id='word_1_268' title='bbox 1143 3096 1203 3128; x_wconf 90' lang='lat' dir='ltr'><strong>cum</strong></span> <span class='ocrx_word' id='word_1_269' title='bbox 1232 3081 1313 3131; x_wconf 88' lang='lat' dir='ltr'><strong>dicit:</strong></span> 
     </span>
     <span class='ocr_line' id='line_1_33' title="bbox 178 3145 1314 3209; baseline 0.003 -14"><span class='ocrx_word' id='word_1_270' title='bbox 178 3146 298 3199; x_wconf 76' lang='lat' dir='ltr'><strong>Oceanus</strong></span> <span class='ocrx_word' id='word_1_271' title='bbox 318 3145 556 3197; x_wconf 83' lang='lat' dir='ltr'><strong>intransmeabilis</strong></span> <span class='ocrx_word' id='word_1_272' title='bbox 575 3150 618 3195; x_wconf 85' lang='lat' dir='ltr'><strong>est</strong></span> <span class='ocrx_word' id='word_1_273' title='bbox 635 3145 791 3195; x_wconf 86' lang='lat' dir='ltr'><strong>hominihus</strong></span> <span class='ocrx_word' id='word_1_274' title='bbox 810 3153 837 3193; x_wconf 93' lang='lat' dir='ltr'><strong>et</strong></span> <span class='ocrx_word' id='word_1_275' title='bbox 855 3145 883 3193; x_wconf 90' lang='lat' dir='ltr'><strong>hi</strong></span> <span class='ocrx_word' id='word_1_276' title='bbox 896 3145 942 3209; x_wconf 91' lang='lat' dir='ltr'><strong>qui</strong></span> <span class='ocrx_word' id='word_1_277' title='bbox 960 3145 1033 3195; x_wconf 88' lang='lat' dir='ltr'><strong>ultra</strong></span> <span class='ocrx_word' id='word_1_278' title='bbox 1051 3163 1112 3196; x_wconf 89' lang='lat' dir='ltr'><strong>eum</strong></span> <span class='ocrx_word' id='word_1_279' title='bbox 1126 3154 1190 3198; x_wconf 88' lang='lat' dir='ltr'><strong>sunt</strong></span> <span class='ocrx_word' id='word_1_280' title='bbox 1202 3149 1314 3200; x_wconf 61' lang='lat' dir='ltr'><strong>nutandi)</strong></span> 
     </span>
     <span class='ocr_line' id='line_1_34' title="bbox 177 3213 1143 3281; baseline 0.001 -17"><span class='ocrx_word' id='word_1_281' title='bbox 177 3215 366 3280; x_wconf 85' lang='lat' dir='ltr'><strong>philosophi</strong></span> <span class='ocrx_word' id='word_1_282' title='bbox 443 3213 631 3271; x_wconf 83' lang='lat' dir='ltr'><strong>srrhterius,</strong></span> <span class='ocrx_word' id='word_1_283' title='bbox 656 3213 719 3262; x_wconf 86' lang='lat' dir='ltr'><strong>ideo</strong></span> <span class='ocrx_word' id='word_1_284' title='bbox 738 3219 765 3261; x_wconf 90' lang='lat' dir='ltr'><strong>et</strong></span> <span class='ocrx_word' id='word_1_285' title='bbox 783 3214 914 3261; x_wconf 76' lang='lat' dir='ltr'><strong>Iarcauus</strong></span> <span class='ocrx_word' id='word_1_286' title='bbox 933 3213 967 3274; x_wconf 83' lang='lat' dir='ltr'><strong>(V</strong></span> <span class='ocrx_word' id='word_1_287' title='bbox 985 3213 1035 3264; x_wconf 68' lang='grc'><strong>623</strong></span> <span class='ocrx_word' id='word_1_288' title='bbox 1055 3214 1143 3281; x_wconf 82' lang='lat' dir='ltr'><strong>sqq.]:</strong></span> 
     </span>
    </p>

    <p class='ocr_par' dir='ltr' id='par_1_9' title="bbox 321 3278 1090 3345">
     <span class='ocr_line' id='line_1_35' title="bbox 321 3278 1090 3345; baseline 0 -13"><span class='ocrx_word' id='word_1_289' title='bbox 321 3298 383 3332; x_wconf 87' lang='lat' dir='ltr'><strong>cura</strong></span> <span class='ocrx_word' id='word_1_290' title='bbox 402 3297 477 3331; x_wconf 90' lang='lat' dir='ltr'><strong>mare</strong></span> <span class='ocrx_word' id='word_1_291' title='bbox 497 3280 639 3331; x_wconf 82' lang='lat' dir='ltr'><strong>cornuoluit</strong></span> <span class='ocrx_word' id='word_1_292' title='bbox 657 3286 766 3341; x_wconf 66' lang='lat' dir='ltr'><strong>gentos,</strong></span> <span class='ocrx_word' id='word_1_293' title='bbox 793 3296 853 3329; x_wconf 87' lang='lat' dir='ltr'><strong>cum</strong></span> <span class='ocrx_word' id='word_1_294' title='bbox 871 3278 967 3329; x_wconf 88' lang='lat' dir='ltr'><strong>littora</strong></span> <span class='ocrx_word' id='word_1_295' title='bbox 985 3281 1090 3345; x_wconf 71' lang='lat' dir='ltr'><strong>Thetys</strong></span> 
     </span>
    </p>

    <p class='ocr_par' dir='ltr' id='par_1_10' title="bbox 322 3348 934 3414">
     <span class='ocr_line' id='line_1_36' title="bbox 322 3348 934 3414; baseline -0.005 -15"><span class='ocrx_word' id='word_1_296' title='bbox 322 3350 413 3399; x_wconf 90' lang='lat' dir='ltr'><strong>uoluit</strong></span> <span class='ocrx_word' id='word_1_297' title='bbox 431 3348 489 3397; x_wconf 90' lang='lat' dir='ltr'><strong>ulla</strong></span> <span class='ocrx_word' id='word_1_298' title='bbox 508 3349 566 3414; x_wconf 87' lang='lat' dir='ltr'><strong>pati</strong></span> <span class='ocrx_word' id='word_1_299' title='bbox 586 3349 664 3397; x_wconf 81' lang='lat' dir='ltr'><strong>caelo</strong></span> <span class='ocrx_word' id='word_1_300' title='bbox 684 3352 816 3397; x_wconf 86' lang='lat' dir='ltr'><strong>contenta</strong></span> <span class='ocrx_word' id='word_1_301' title='bbox 835 3349 934 3406; x_wconf 87' lang='lat' dir='ltr'><strong>teucri,</strong></span> 
     </span>
    </p>

    <p class='ocr_par' dir='ltr' id='par_1_11' title="bbox 320 3414 1119 3483">
     <span class='ocr_line' id='line_1_37' title="bbox 320 3414 1119 3483; baseline -0.003 -14"><span class='ocrx_word' id='word_1_302' title='bbox 320 3425 385 3468; x_wconf 86' lang='lat' dir='ltr'><strong>tunc</strong></span> <span class='ocrx_word' id='word_1_303' title='bbox 406 3433 511 3483; x_wconf 63' lang='lat' dir='ltr'><strong>claroque</strong></span> <span class='ocrx_word' id='word_1_304' title='bbox 530 3421 610 3470; x_wconf 90' lang='lat' dir='ltr'><strong>tanta</strong></span> <span class='ocrx_word' id='word_1_305' title='bbox 629 3416 708 3466; x_wconf 78' lang='lat' dir='ltr'><strong>ruralis</strong></span> <span class='ocrx_word' id='word_1_306' title='bbox 728 3414 814 3464; x_wconf 85' lang='lat' dir='ltr'><strong>ruoles</strong></span> <span class='ocrx_word' id='word_1_307' title='bbox 833 3415 969 3464; x_wconf 86' lang='lat' dir='ltr'><strong>creuisset</strong></span> <span class='ocrx_word' id='word_1_308' title='bbox 988 3416 995 3429; x_wconf 83' lang='grc'><strong>”</strong></span> <span class='ocrx_word' id='word_1_309' title='bbox 1035 3423 1119 3479; x_wconf 88' lang='lat' dir='ltr'><strong>astra,</strong></span> 
     </span>
    </p>

    <p class='ocr_par' dir='ltr' id='par_1_12' title="bbox 173 3482 1317 3894">
     <span class='ocr_line' id='line_1_38' title="bbox 320 3482 1055 3549; baseline -0.001 -15"><span class='ocrx_word' id='word_1_310' title='bbox 320 3486 348 3534; x_wconf 91' lang='lat' dir='ltr'><strong>ui</strong></span> <span class='ocrx_word' id='word_1_311' title='bbox 368 3499 496 3549; x_wconf 83' lang='lat' dir='ltr'><strong>superum</strong></span> <span class='ocrx_word' id='word_1_312' title='bbox 515 3488 606 3534; x_wconf 80' lang='lat' dir='ltr'><strong>rect-or</strong></span> <span class='ocrx_word' id='word_1_313' title='bbox 624 3485 769 3549; x_wconf 82' lang='lat' dir='ltr'><strong>pressisset</strong></span> <span class='ocrx_word' id='word_1_314' title='bbox 788 3482 906 3531; x_wconf 87' lang='lat' dir='ltr'><strong>uuhibus</strong></span> <span class='ocrx_word' id='word_1_315' title='bbox 925 3482 987 3531; x_wconf 91' lang='lat' dir='ltr'><strong>umh</strong></span> <span class='ocrx_word' id='word_1_316' title='bbox 1005 3484 1055 3533; x_wconf 81' lang='lat' dir='ltr'><strong>as&#39;</strong></span> 
     </span>
     <span class='ocr_line' id='line_1_39' title="bbox 175 3551 1315 3620; baseline 0.004 -17"><span class='ocrx_word' id='word_1_317' title='bbox 175 3552 277 3604; x_wconf 68' lang='lat' dir='ltr'><strong>Solinus</strong></span> <span class='ocrx_word' id='word_1_318' title='bbox 296 3551 389 3620; x_wconf 75' lang='lat' dir='ltr'><strong>polyh.</strong></span> <span class='ocrx_word' id='word_1_319' title='bbox 410 3552 502 3601; x_wconf 81' lang='lat' dir='ltr'>XXIII</span> <span class='ocrx_word' id='word_1_320' title='bbox 515 3552 549 3599; x_wconf 76' lang='lat' dir='ltr'><strong>so</strong></span> <span class='ocrx_word' id='word_1_321' title='bbox 567 3567 621 3616; x_wconf 85' lang='lat' dir='ltr'><strong>sq:</strong></span> <span class='ocrx_word' id='word_1_322' title='bbox 650 3552 777 3614; x_wconf 71' lang='lat' dir='ltr'><strong>‘Physici</strong></span> <span class='ocrx_word' id='word_1_323' title='bbox 796 3552 874 3599; x_wconf 89' lang='lat' dir='ltr'><strong>aiunt</strong></span> <span class='ocrx_word' id='word_1_324' title='bbox 892 3552 1019 3600; x_wconf 78' lang='lat' dir='ltr'><strong>narrandum</strong></span> <span class='ocrx_word' id='word_1_325' title='bbox 1039 3552 1142 3603; x_wconf 88' lang='lat' dir='ltr'><strong>animal</strong></span> <span class='ocrx_word' id='word_1_326' title='bbox 1162 3569 1222 3606; x_wconf 87' lang='lat' dir='ltr'><strong>esse</strong></span> <span class='ocrx_word' id='word_1_327' title='bbox 1242 3573 1315 3607; x_wconf 78' lang='lat' dir='ltr'><strong>erana·</strong></span> 
     </span>
     <span class='ocr_line' id='line_1_40' title="bbox 175 3617 1315 3690; baseline 0.004 -21"><span class='ocrx_word' id='word_1_328' title='bbox 175 3636 219 3684; x_wconf 81' lang='lat' dir='ltr'><strong>que</strong></span> <span class='ocrx_word' id='word_1_329' title='bbox 242 3622 331 3670; x_wconf 89' lang='lat' dir='ltr'><strong>uariis</strong></span> <span class='ocrx_word' id='word_1_330' title='bbox 356 3620 552 3669; x_wconf 81' lang='lat' dir='ltr'><strong>elementorum</strong></span> <span class='ocrx_word' id='word_1_331' title='bbox 577 3620 736 3684; x_wconf 82' lang='lat' dir='ltr'><strong>corporibus</strong></span> <span class='ocrx_word' id='word_1_332' title='bbox 760 3617 955 3683; x_wconf 75' lang='lat' dir='ltr'><strong>corrglohatum</strong></span> <span class='ocrx_word' id='word_1_333' title='bbox 979 3622 1082 3669; x_wconf 78' lang='lat' dir='ltr'><strong>raroueri</strong></span> <span class='ocrx_word' id='word_1_334' title='bbox 1107 3623 1220 3686; x_wconf 89' lang='lat' dir='ltr'><strong>spiritu,</strong></span> <span class='ocrx_word' id='word_1_335' title='bbox 1256 3627 1315 3690; x_wconf 84' lang='lat' dir='ltr'><strong>regi</strong></span> 
     </span>
     <span class='ocr_line' id='line_1_41' title="bbox 174 3687 1315 3757; baseline 0.005 -21"><span class='ocrx_word' id='word_1_336' title='bbox 174 3696 275 3750; x_wconf 85' lang='lat' dir='ltr'><strong>mente,</strong></span> <span class='ocrx_word' id='word_1_337' title='bbox 306 3703 376 3753; x_wconf 85' lang='lat' dir='ltr'><strong>quac</strong></span> <span class='ocrx_word' id='word_1_338' title='bbox 400 3693 515 3751; x_wconf 86' lang='lat' dir='ltr'><strong>utraque</strong></span> <span class='ocrx_word' id='word_1_339' title='bbox 535 3687 636 3737; x_wconf 80' lang='lat' dir='ltr'><strong>diffusa</strong></span> <span class='ocrx_word' id='word_1_340' title='bbox 654 3704 702 3752; x_wconf 79' lang='lat' dir='ltr'><strong>pon·</strong></span> <span class='ocrx_word' id='word_1_341' title='bbox 721 3687 842 3736; x_wconf 88' lang='lat' dir='ltr'><strong>membra</strong></span> <span class='ocrx_word' id='word_1_342' title='bbox 865 3687 957 3735; x_wconf 81' lang='lat' dir='ltr'><strong>onruia</strong></span> <span class='ocrx_word' id='word_1_343' title='bbox 981 3694 1112 3738; x_wconf 79' lang='lat' dir='ltr'><strong>aeternae</strong></span> <span class='ocrx_word' id='word_1_344' title='bbox 1136 3691 1215 3741; x_wconf 89' lang='lat' dir='ltr'><strong>molis</strong></span> <span class='ocrx_word' id='word_1_345' title='bbox 1239 3694 1315 3757; x_wconf 75' lang='lat' dir='ltr'><strong>uigo-</strong></span> 
     </span>
     <span class='ocr_line' id='line_1_42' title="bbox 174 3753 1316 3825; baseline 0.004 -21"><span class='ocrx_word' id='word_1_346' title='bbox 174 3771 223 3805; x_wconf 78' lang='lat' dir='ltr'><strong>rem</strong></span> <span class='ocrx_word' id='word_1_347' title='bbox 248 3764 408 3806; x_wconf 86' lang='lat' dir='ltr'><strong>exerceant.</strong></span> <span class='ocrx_word' id='word_1_348' title='bbox 445 3757 518 3804; x_wconf 81' lang='lat' dir='ltr'><strong>sicrrt</strong></span> <span class='ocrx_word' id='word_1_349' title='bbox 537 3771 601 3819; x_wconf 75' lang='lat' dir='ltr'><strong>crgo</strong></span> <span class='ocrx_word' id='word_1_350' title='bbox 621 3756 649 3803; x_wconf 90' lang='lat' dir='ltr'><strong>iu</strong></span> <span class='ocrx_word' id='word_1_351' title='bbox 668 3756 827 3819; x_wconf 79' lang='lat' dir='ltr'><strong>corporibus</strong></span> <span class='ocrx_word' id='word_1_352' title='bbox 847 3753 947 3803; x_wconf 87' lang='lat' dir='ltr'><strong>uostris</strong></span> <span class='ocrx_word' id='word_1_353' title='bbox 967 3757 1133 3805; x_wconf 84' lang='lat' dir='ltr'><strong>conumcrcia</strong></span> <span class='ocrx_word' id='word_1_354' title='bbox 1151 3763 1215 3807; x_wconf 92' lang='lat' dir='ltr'><strong>suut</strong></span> <span class='ocrx_word' id='word_1_355' title='bbox 1237 3762 1316 3825; x_wconf 89' lang='lat' dir='ltr'><strong>spiri-</strong></span> 
     </span>
     <span class='ocr_line' id='line_1_43' title="bbox 173 3821 1317 3894; baseline 0.007 -24"><span class='ocrx_word' id='word_1_356' title='bbox 173 3824 269 3879; x_wconf 82' lang='lat' dir='ltr'><strong>tualia.</strong></span> <span class='ocrx_word' id='word_1_357' title='bbox 295 3825 337 3872; x_wconf 82' lang='lat' dir='ltr'><strong>ita</strong></span> <span class='ocrx_word' id='word_1_358' title='bbox 357 3823 384 3871; x_wconf 91' lang='lat' dir='ltr'><strong>iu</strong></span> <span class='ocrx_word' id='word_1_359' title='bbox 405 3824 546 3887; x_wconf 81' lang='lat' dir='ltr'><strong>prolmrdis</strong></span> <span class='ocrx_word' id='word_1_360' title='bbox 570 3823 667 3872; x_wconf 79' lang='lat' dir='ltr'><strong>occani</strong></span> <span class='ocrx_word' id='word_1_361' title='bbox 695 3840 775 3872; x_wconf 86' lang='lat' dir='ltr'><strong>nares</strong></span> <span class='ocrx_word' id='word_1_362' title='bbox 800 3821 930 3887; x_wconf 79' lang='lat' dir='ltr'><strong>rprasdam</strong></span> <span class='ocrx_word' id='word_1_363' title='bbox 955 3822 1048 3871; x_wconf 82' lang='lat' dir='ltr'><strong>rrruruli</strong></span> <span class='ocrx_word' id='word_1_364' title='bbox 1067 3826 1246 3890; x_wconf 88' lang='lat' dir='ltr'><strong>constitutas,</strong></span> <span class='ocrx_word' id='word_1_365' title='bbox 1268 3845 1317 3894; x_wconf 90' lang='lat' dir='ltr'><strong>pcr</strong></span> 
     </span>
    </p>
   </div>
   <div class='ocr_carea' id='block_1_6' title="bbox 172 3926 370 3936">
    <p class='ocr_par' dir='ltr' id='par_1_13' title="bbox 172 3926 370 3936">
     <span class='ocr_line' id='line_1_44' title="bbox 172 3926 370 3936; baseline -0.01 -2"><span class='ocrx_word' id='word_1_366' title='bbox 172 3928 246 3936; x_wconf 67' lang='lat'><em>-----</em></span> <span class='ocrx_word' id='word_1_367' title='bbox 255 3926 370 3935; x_wconf 53' lang='grc' dir='ltr'><strong>...ιι-,ῃ</strong></span> 
     </span>
    </p>
   </div>
   <div class='ocr_carea' id='block_1_7' title="bbox 167 3972 1315 4463">
    <p class='ocr_par' dir='ltr' id='par_1_14' title="bbox 167 3972 1315 4463">
     <span class='ocr_line' id='line_1_45' title="bbox 254 3972 1314 4059; baseline 0.002 -22"><span class='ocrx_word' id='word_1_368' title='bbox 254 3987 263 4037; x_wconf 87' lang='lat' dir='ltr'><strong>l</strong></span> <span class='ocrx_word' id='word_1_369' title='bbox 289 3976 489 4053; x_wconf 82' lang='lat' dir='ltr'><strong>languisceus</strong></span> <span class='ocrx_word' id='word_1_370' title='bbox 509 3974 571 4036; x_wconf 71' lang='lat' dir='ltr'><strong>Ab*</strong></span> <span class='ocrx_word' id='word_1_371' title='bbox 595 3973 608 4058; x_wconf 99' lang='grc' dir='ltr'>Η</span> <span class='ocrx_word' id='word_1_372' title='bbox 629 3977 841 4057; x_wconf 67' lang='lat' dir='ltr'><strong>persuasiones</strong></span> <span class='ocrx_word' id='word_1_373' title='bbox 856 3975 940 4034; x_wconf 84' lang='lat' dir='ltr'><strong>obita</strong></span> <span class='ocrx_word' id='word_1_374' title='bbox 957 3973 993 4034; x_wconf 83' lang='lat' dir='ltr'><strong>B&#39;</strong></span> <span class='ocrx_word' id='word_1_375' title='bbox 1012 3972 1024 4059; x_wconf 96' lang='grc' dir='ltr'>Η</span> <span class='ocrx_word' id='word_1_376' title='bbox 1040 3986 1057 4041; x_wconf 83' lang='grc'>3</span> <span class='ocrx_word' id='word_1_377' title='bbox 1077 3999 1204 4058; x_wconf 84' lang='lat' dir='ltr'><strong>corpora</strong></span> <span class='ocrx_word' id='word_1_378' title='bbox 1222 3981 1314 4039; x_wconf 87' lang='lat' dir='ltr'><strong>adue·</strong></span> 
     </span>
     <span class='ocr_line' id='line_1_46' title="bbox 170 4055 1314 4145; baseline 0 -23"><span class='ocrx_word' id='word_1_379' title='bbox 170 4063 314 4122; x_wconf 85' lang='lat' dir='ltr'><strong>aientium</strong></span> <span class='ocrx_word' id='word_1_380' title='bbox 331 4063 473 4139; x_wconf 84' lang='lat' dir='ltr'><strong>temptari</strong></span> <span class='ocrx_word' id='word_1_381' title='bbox 498 4064 672 4131; x_wconf 71' lang='lat' dir='ltr'><strong>Biteruturi</strong></span> <span class='ocrx_word' id='word_1_382' title='bbox 698 4060 746 4135; x_wconf 74' lang='lat' dir='ltr'><strong>pq</strong></span> <span class='ocrx_word' id='word_1_383' title='bbox 770 4058 782 4141; x_wconf 95' lang='grc' dir='ltr'>Η</span> <span class='ocrx_word' id='word_1_384' title='bbox 803 4075 820 4122; x_wconf 77' lang='lat'>4</span> <span class='ocrx_word' id='word_1_385' title='bbox 842 4060 918 4119; x_wconf 71' lang='lat' dir='ltr'><strong>aliis</strong></span> <span class='ocrx_word' id='word_1_386' title='bbox 937 4058 974 4118; x_wconf 88' lang='lat' dir='ltr'><strong>B¹</strong></span> <span class='ocrx_word' id='word_1_387' title='bbox 998 4055 1010 4143; x_wconf 92' lang='grc' dir='ltr'>Η</span> <span class='ocrx_word' id='word_1_388' title='bbox 1031 4075 1047 4125; x_wconf 80' lang='lat'>5</span> <span class='ocrx_word' id='word_1_389' title='bbox 1067 4062 1217 4122; x_wconf 88' lang='lat' dir='ltr'><strong>subitatur</strong></span> <span class='ocrx_word' id='word_1_390' title='bbox 1232 4072 1257 4123; x_wconf 98' lang='lat' dir='ltr'><em>A</em></span> <span class='ocrx_word' id='word_1_391' title='bbox 1272 4061 1314 4145; x_wconf 80' lang='grc' dir='ltr'><strong>Η7</strong></span> 
     </span>
     <span class='ocr_line' id='line_1_47' title="bbox 170 4141 1314 4228; baseline 0.001 -21"><span class='ocrx_word' id='word_1_392' title='bbox 170 4168 242 4228; x_wconf 87' lang='lat' dir='ltr'><strong>quur</strong></span> <span class='ocrx_word' id='word_1_393' title='bbox 256 4153 282 4206; x_wconf 87' lang='lat' dir='ltr'><em>A</em></span> <span class='ocrx_word' id='word_1_394' title='bbox 304 4142 318 4227; x_wconf 93' lang='grc' dir='ltr'>Η</span> <span class='ocrx_word' id='word_1_395' title='bbox 340 4143 509 4205; x_wconf 83' lang='lat' dir='ltr'><strong>otiunusA¹</strong></span> <span class='ocrx_word' id='word_1_396' title='bbox 534 4167 685 4206; x_wconf 86' lang='lat' dir='ltr'><strong>occeanus</strong></span> <span class='ocrx_word' id='word_1_397' title='bbox 708 4143 741 4202; x_wconf 78' lang='lat' dir='ltr'><strong>pr</strong></span> <span class='ocrx_word' id='word_1_398' title='bbox 765 4141 779 4227; x_wconf 97' lang='grc' dir='ltr'>Η</span> <span class='ocrx_word' id='word_1_399' title='bbox 799 4147 970 4226; x_wconf 82' lang='lat' dir='ltr'><strong>receprocis</strong></span> <span class='ocrx_word' id='word_1_400' title='bbox 991 4145 1025 4202; x_wconf 57' lang='grc' dir='ltr'><strong>θ’</strong></span> <span class='ocrx_word' id='word_1_401' title='bbox 1049 4144 1061 4228; x_wconf 96' lang='grc' dir='ltr'>Η</span> <span class='ocrx_word' id='word_1_402' title='bbox 1080 4149 1207 4208; x_wconf 74' lang='lat' dir='ltr'><strong>Sullani</strong></span> <span class='ocrx_word' id='word_1_403' title='bbox 1226 4145 1262 4207; x_wconf 88' lang='lat' dir='ltr'><strong>A¹</strong></span> <span class='ocrx_word' id='word_1_404' title='bbox 1277 4149 1314 4208; x_wconf 83' lang='lat' dir='ltr'><strong>de</strong></span> 
     </span>
     <span class='ocr_line' id='line_1_48' title="bbox 168 4224 1315 4312; baseline 0 -21"><span class='ocrx_word' id='word_1_405' title='bbox 168 4233 271 4292; x_wconf 84' lang='lat' dir='ltr'><strong>oceani</strong></span> <span class='ocrx_word' id='word_1_406' title='bbox 292 4235 321 4289; x_wconf 85' lang='lat' dir='ltr'><em>B</em></span> <span class='ocrx_word' id='word_1_407' title='bbox 341 4225 355 4310; x_wconf 95' lang='grc' dir='ltr'>Η</span> <span class='ocrx_word' id='word_1_408' title='bbox 376 4240 464 4290; x_wconf 82' lang='lat' dir='ltr'><strong>aestu</strong></span> <span class='ocrx_word' id='word_1_409' title='bbox 481 4232 617 4294; x_wconf 83' lang='lat' dir='ltr'><strong>undesA</strong></span> <span class='ocrx_word' id='word_1_410' title='bbox 637 4227 649 4312; x_wconf 97' lang='grc' dir='ltr'>Η</span> <span class='ocrx_word' id='word_1_411' title='bbox 673 4231 733 4288; x_wconf 88' lang='lat' dir='ltr'><strong>alia</strong></span> <span class='ocrx_word' id='word_1_412' title='bbox 752 4238 775 4288; x_wconf 88' lang='lat' dir='ltr'><em>A</em></span> <span class='ocrx_word' id='word_1_413' title='bbox 794 4252 847 4289; x_wconf 88' lang='lat' dir='ltr'><strong>om.</strong></span> <span class='ocrx_word' id='word_1_414' title='bbox 868 4234 891 4287; x_wconf 86' lang='lat' dir='ltr'><em>B</em></span> <span class='ocrx_word' id='word_1_415' title='bbox 911 4224 925 4309; x_wconf 95' lang='grc' dir='ltr'>Η</span> <span class='ocrx_word' id='word_1_416' title='bbox 946 4231 1058 4290; x_wconf 74' lang='lat' dir='ltr'><strong>deiciant</strong></span> <span class='ocrx_word' id='word_1_417' title='bbox 1073 4228 1109 4289; x_wconf 79' lang='grc' dir='ltr'><strong>Β1</strong></span> <span class='ocrx_word' id='word_1_418' title='bbox 1127 4226 1139 4310; x_wconf 91' lang='grc' dir='ltr'>Η</span> <span class='ocrx_word' id='word_1_419' title='bbox 1156 4234 1258 4290; x_wconf 84' lang='lat' dir='ltr'><strong>otiauo</strong></span> <span class='ocrx_word' id='word_1_420' title='bbox 1278 4232 1315 4291; x_wconf 79' lang='lat' dir='ltr'><strong>A¹</strong></span> 
     </span>
     <span class='ocr_line' id='line_1_49' title="bbox 167 4313 1303 4397; baseline 0.001 -22"><span class='ocrx_word' id='word_1_421' title='bbox 167 4336 301 4377; x_wconf 81' lang='lat' dir='ltr'><strong>occeano</strong></span> <span class='ocrx_word' id='word_1_422' title='bbox 315 4314 354 4375; x_wconf 80' lang='lat' dir='ltr'><strong>B&#39;</strong></span> <span class='ocrx_word' id='word_1_423' title='bbox 372 4316 385 4392; x_wconf 77' lang='grc' dir='ltr'>Η</span> <span class='ocrx_word' id='word_1_424' title='bbox 401 4326 418 4379; x_wconf 83' lang='grc'>9</span> <span class='ocrx_word' id='word_1_425' title='bbox 436 4318 534 4375; x_wconf 87' lang='lat' dir='ltr'><strong>aurire</strong></span> <span class='ocrx_word' id='word_1_426' title='bbox 550 4321 602 4374; x_wconf 87' lang='lat' dir='ltr'><strong>AB</strong></span> <span class='ocrx_word' id='word_1_427' title='bbox 619 4313 630 4397; x_wconf 96' lang='grc' dir='ltr'>Η</span> <span class='ocrx_word' id='word_1_428' title='bbox 651 4329 680 4378; x_wconf 82' lang='lat' dir='ltr'><strong>to</strong></span> <span class='ocrx_word' id='word_1_429' title='bbox 691 4323 861 4396; x_wconf 73' lang='lat' dir='ltr'><strong>irruperant</strong></span> <span class='ocrx_word' id='word_1_430' title='bbox 875 4320 898 4372; x_wconf 90' lang='lat' dir='ltr'><em>A</em></span> <span class='ocrx_word' id='word_1_431' title='bbox 914 4315 927 4397; x_wconf 93' lang='grc' dir='ltr'>Η</span> <span class='ocrx_word' id='word_1_432' title='bbox 943 4317 1012 4394; x_wconf 80' lang='lat' dir='ltr'><strong>igue</strong></span> <span class='ocrx_word' id='word_1_433' title='bbox 1032 4321 1055 4373; x_wconf 81' lang='lat' dir='ltr'><em>B</em></span> <span class='ocrx_word' id='word_1_434' title='bbox 1071 4318 1100 4373; x_wconf 91' lang='lat' dir='ltr'><strong>iu</strong></span> <span class='ocrx_word' id='word_1_435' title='bbox 1121 4314 1125 4397; x_wconf 81' lang='grc' dir='ltr'>Ι</span> <span class='ocrx_word' id='word_1_436' title='bbox 1146 4315 1246 4376; x_wconf 87' lang='lat' dir='ltr'><strong>calida</strong></span> <span class='ocrx_word' id='word_1_437' title='bbox 1262 4324 1286 4376; x_wconf 81' lang='lat' dir='ltr'><em>A</em></span> <span class='ocrx_word' id='word_1_438' title='bbox 1301 4316 1303 4321; x_wconf 79' lang='grc'><strong>’</strong></span> 
     </span>
     <span class='ocr_line' id='line_1_50' title="bbox 168 4399 574 4463; baseline 0.002 -2"><span class='ocrx_word' id='word_1_439' title='bbox 168 4404 242 4463; x_wconf 83' lang='lat' dir='ltr'><strong>aurit</strong></span> <span class='ocrx_word' id='word_1_440' title='bbox 262 4400 304 4462; x_wconf 72' lang='lat'><strong>15²</strong></span> <span class='ocrx_word' id='word_1_441' title='bbox 319 4403 386 4462; x_wconf 75' lang='lat' dir='ltr'><strong>ariri</strong></span> <span class='ocrx_word' id='word_1_442' title='bbox 403 4399 437 4459; x_wconf 80' lang='grc' dir='ltr'><strong>ΒΙ</strong></span> <span class='ocrx_word' id='word_1_443' title='bbox 453 4402 534 4461; x_wconf 72' lang='lat' dir='ltr'><strong>arar&amp;</strong></span> <span class='ocrx_word' id='word_1_444' title='bbox 551 4405 574 4462; x_wconf 72' lang='lat' dir='ltr'><em>A</em></span> 
     </span>
    </p>
   </div>
   <div class='ocr_carea' id='block_1_8' title="bbox 0 0 1486 5002">
    <p class='ocr_par' dir='ltr' id='par_1_15' title="bbox 0 0 1486 5002">
     <span class='ocr_line' id='line_1_51' title="bbox 0 0 1486 5002; baseline 0 8"><span class='ocrx_word' id='word_1_445' title='bbox 0 0 1486 5002; x_wconf 95' lang='lat' dir='ltr'><strong> </strong></span> 
     </span>
    </p>
   </div>
  </div>
 </body>
</html>
