<?xml version="1.0" encoding="UTF-8"?>
<!DOCTYPE html PUBLIC "-//W3C//DTD XHTML 1.0 Transitional//EN"
    "http://www.w3.org/TR/xhtml1/DTD/xhtml1-transitional.dtd">
<html xmlns="http://www.w3.org/1999/xhtml" xml:lang="en" lang="en">
 <head>
  <title>
</title>
<meta http-equiv="Content-Type" content="text/html;charset=utf-8" />
  <meta name='ocr-system' content='tesseract 3.04.00' />
  <meta name='ocr-capabilities' content='ocr_page ocr_carea ocr_par ocr_line ocrx_word'/>
</head>
<body>
  <div class='ocr_page' id='page_1' title='image "./csvetonitranqvi00ritsgoog_0212.png"; bbox 0 0 2964 5002; ppageno 0'>
   <div class='ocr_carea' id='block_1_1' title="bbox 357 344 1307 411">
    <p class='ocr_par' dir='ltr' id='par_1_1' title="bbox 357 344 1307 411">
     <span class='ocr_line' id='line_1_1' title="bbox 357 344 1307 411; baseline 0 -3"><span class='ocrx_word' id='word_1_1' title='bbox 357 364 595 409; x_wconf 77' lang='lat' dir='ltr'><strong>sveennunsrs</strong></span> <span class='ocrx_word' id='word_1_2' title='bbox 619 366 707 408; x_wconf 80' lang='lat' dir='ltr'><strong>mem</strong></span> <span class='ocrx_word' id='word_1_3' title='bbox 731 367 774 408; x_wconf 81' lang='lat' dir='ltr'><strong>ne</strong></span> <span class='ocrx_word' id='word_1_4' title='bbox 796 360 883 409; x_wconf 78' lang='lat' dir='ltr'><strong>suno</strong></span> <span class='ocrx_word' id='word_1_5' title='bbox 903 362 1106 408; x_wconf 80' lang='lat' dir='ltr'><strong>uousnoavu</strong></span> <span class='ocrx_word' id='word_1_6' title='bbox 1143 356 1151 368; x_wconf 83' lang='lat'>&#39;</span> <span class='ocrx_word' id='word_1_7' title='bbox 1248 344 1307 411; x_wconf 76' lang='lat'><strong>185</strong></span> 
     </span>
    </p>
   </div>
   <div class='ocr_carea' id='block_1_2' title="bbox 118 515 1319 4446">
    <p class='ocr_par' dir='ltr' id='par_1_2' title="bbox 165 515 1308 720">
     <span class='ocr_line' id='line_1_2' title="bbox 165 515 1308 584; baseline 0 -17"><span class='ocrx_word' id='word_1_8' title='bbox 165 531 281 577; x_wconf 80' lang='lat' dir='ltr'><strong>nenses,</strong></span> <span class='ocrx_word' id='word_1_9' title='bbox 299 523 330 567; x_wconf 89' lang='lat' dir='ltr'><strong>ut</strong></span> <span class='ocrx_word' id='word_1_10' title='bbox 341 532 403 567; x_wconf 88' lang='lat' dir='ltr'><strong>eum</strong></span> <span class='ocrx_word' id='word_1_11' title='bbox 415 516 589 583; x_wconf 81' lang='lat' dir='ltr'><strong>praecedens</strong></span> <span class='ocrx_word' id='word_1_12' title='bbox 600 518 686 568; x_wconf 88' lang='lat' dir='ltr'><strong>Marti</strong></span> <span class='ocrx_word' id='word_1_13' title='bbox 705 523 780 568; x_wconf 87' lang='lat' dir='ltr'><strong>esset</strong></span> <span class='ocrx_word' id='word_1_14' title='bbox 796 518 905 568; x_wconf 85' lang='lat' dir='ltr'><strong>dicatus</strong></span> <span class='ocrx_word' id='word_1_15' title='bbox 924 515 975 569; x_wconf 89' lang='lat' dir='ltr'><strong>deo</strong></span> <span class='ocrx_word' id='word_1_16' title='bbox 991 516 1150 584; x_wconf 87' lang='lat' dir='ltr'><strong>plerumque</strong></span> <span class='ocrx_word' id='word_1_17' title='bbox 1168 518 1308 570; x_wconf 90' lang='lat' dir='ltr'><strong>hominum</strong></span> 
     </span>
     <span class='ocr_line' id='line_1_3' title="bbox 166 585 854 647; baseline -0.001 -12"><span class='ocrx_word' id='word_1_18' title='bbox 166 586 298 647; x_wconf 79' lang='lat' dir='ltr'><strong>necator-i,</strong></span> <span class='ocrx_word' id='word_1_19' title='bbox 316 592 347 634; x_wconf 90' lang='lat' dir='ltr'><strong>ut</strong></span> <span class='ocrx_word' id='word_1_20' title='bbox 364 585 502 635; x_wconf 75' lang='lat' dir='ltr'>Homerus</span> <span class='ocrx_word' id='word_1_21' title='bbox 519 591 636 637; x_wconf 87' lang='lat' dir='ltr'><strong>naturae</strong></span> <span class='ocrx_word' id='word_1_22' title='bbox 655 588 783 636; x_wconf 81' lang='lat' dir='ltr'><strong>conscius</strong></span> <span class='ocrx_word' id='word_1_23' title='bbox 801 587 854 636; x_wconf 88' lang='lat' dir='ltr'><strong>ait:</strong></span> 
     </span>
     <span class='ocr_line' id='line_1_4' title="bbox 368 639 1093 720; baseline 0.001 -17"><span class='ocrx_word' id='word_1_24' title='bbox 368 639 444 717; x_wconf 74' lang='lat' dir='ltr'><strong>&#39;Aeac</strong></span> <span class='ocrx_word' id='word_1_25' title='bbox 455 642 532 716; x_wconf 75' lang='grc' dir='ltr'>’Ἄρις</span> <span class='ocrx_word' id='word_1_26' title='bbox 549 647 712 719; x_wconf 63' lang='grc' dir='ltr'>βροτολοιγὲ</span> <span class='ocrx_word' id='word_1_27' title='bbox 730 646 868 720; x_wconf 78' lang='grc' dir='ltr'><strong><em>μιαιφόνε</em></strong></span> <span class='ocrx_word' id='word_1_28' title='bbox 886 651 1093 720; x_wconf 54' lang='lat' dir='ltr'><strong>regenerata·</strong></span> 
     </span>
    </p>

    <p class='ocr_par' dir='ltr' id='par_1_3' title="bbox 118 720 1319 4446">
     <span class='ocr_line' id='line_1_5' title="bbox 165 720 1308 788; baseline 0 -17"><span class='ocrx_word' id='word_1_29' title='bbox 165 720 300 771; x_wconf 86' lang='lat' dir='ltr'><strong>secandus</strong></span> <span class='ocrx_word' id='word_1_30' title='bbox 312 721 415 771; x_wconf 77' lang='lat' dir='ltr'><strong>Veneri</strong></span> <span class='ocrx_word' id='word_1_31' title='bbox 429 721 585 784; x_wconf 76' lang='lat' dir='ltr'><strong>dicaretur,</strong></span> <span class='ocrx_word' id='word_1_32' title='bbox 600 738 671 787; x_wconf 81' lang='lat' dir='ltr'><strong>quse</strong></span> <span class='ocrx_word' id='word_1_33' title='bbox 683 723 739 772; x_wconf 90' lang='lat' dir='ltr'><strong>uim</strong></span> <span class='ocrx_word' id='word_1_34' title='bbox 753 723 813 772; x_wconf 87' lang='lat' dir='ltr'><strong>eius</strong></span> <span class='ocrx_word' id='word_1_35' title='bbox 826 724 904 788; x_wconf 86' lang='lat' dir='ltr'><strong>quasi</strong></span> <span class='ocrx_word' id='word_1_36' title='bbox 917 722 1044 772; x_wconf 84' lang='lat' dir='ltr'><strong>benefica</strong></span> <span class='ocrx_word' id='word_1_37' title='bbox 1056 721 1165 773; x_wconf 90' lang='lat' dir='ltr'><strong>leniret.</strong></span> <span class='ocrx_word' id='word_1_38' title='bbox 1192 721 1230 771; x_wconf 91' lang='lat'><strong>10.</strong></span> <span class='ocrx_word' id='word_1_39' title='bbox 1244 737 1308 771; x_wconf 92' lang='lat' dir='ltr'><strong>nam</strong></span> 
     </span>
     <span class='ocr_line' id='line_1_6' title="bbox 165 788 1309 856; baseline 0 -18"><span class='ocrx_word' id='word_1_40' title='bbox 165 796 190 839; x_wconf 87' lang='lat' dir='ltr'><strong>et</strong></span> <span class='ocrx_word' id='word_1_41' title='bbox 208 790 237 838; x_wconf 89' lang='lat' dir='ltr'><strong>in</strong></span> <span class='ocrx_word' id='word_1_42' title='bbox 254 788 401 839; x_wconf 80' lang='lat' dir='ltr'>duodecim</span> <span class='ocrx_word' id='word_1_43' title='bbox 420 789 529 839; x_wconf 80' lang='lat' dir='ltr'><strong>zodiaci</strong></span> <span class='ocrx_word' id='word_1_44' title='bbox 547 791 648 856; x_wconf 77' lang='lat' dir='ltr'><strong>signis,</strong></span> <span class='ocrx_word' id='word_1_45' title='bbox 674 805 786 855; x_wconf 87' lang='lat' dir='ltr'><strong>quorum</strong></span> <span class='ocrx_word' id='word_1_46' title='bbox 810 797 886 840; x_wconf 90' lang='lat' dir='ltr'><strong>certa</strong></span> <span class='ocrx_word' id='word_1_47' title='bbox 910 795 1045 840; x_wconf 88' lang='lat' dir='ltr'><strong>certorum</strong></span> <span class='ocrx_word' id='word_1_48' title='bbox 1068 791 1206 841; x_wconf 89' lang='lat' dir='ltr'><strong>numinum</strong></span> <span class='ocrx_word' id='word_1_49' title='bbox 1224 789 1309 839; x_wconf 88' lang='lat' dir='ltr'><strong>dorni·</strong></span> 
     </span>
     <span class='ocr_line' id='line_1_7' title="bbox 165 856 1308 923; baseline -0.002 -16"><span class='ocrx_word' id='word_1_50' title='bbox 165 857 230 907; x_wconf 86' lang='lat' dir='ltr'><strong>cilis</strong></span> <span class='ocrx_word' id='word_1_51' title='bbox 248 856 406 917; x_wconf 82' lang='lat' dir='ltr'><strong>creduntur,</strong></span> <span class='ocrx_word' id='word_1_52' title='bbox 426 872 488 907; x_wconf 90' lang='lat' dir='ltr'><strong>cum</strong></span> <span class='ocrx_word' id='word_1_53' title='bbox 506 857 621 923; x_wconf 88' lang='lat' dir='ltr'><strong>primum</strong></span> <span class='ocrx_word' id='word_1_54' title='bbox 633 859 741 923; x_wconf 73' lang='lat' dir='ltr'><strong>signum</strong></span> <span class='ocrx_word' id='word_1_55' title='bbox 753 859 833 907; x_wconf 86' lang='lat' dir='ltr'><strong>Aries</strong></span> <span class='ocrx_word' id='word_1_56' title='bbox 845 858 929 907; x_wconf 88' lang='lat' dir='ltr'><strong>Marti</strong></span> <span class='ocrx_word' id='word_1_57' title='bbox 945 859 1107 923; x_wconf 70' lang='lat' dir='ltr'>adsignatus</span> <span class='ocrx_word' id='word_1_58' title='bbox 1125 860 1172 922; x_wconf 84' lang='lat' dir='ltr'><strong>sit,</strong></span> <span class='ocrx_word' id='word_1_59' title='bbox 1190 872 1308 922; x_wconf 89' lang='lat' dir='ltr'><strong>sequens</strong></span> 
     </span>
     <span class='ocr_line' id='line_1_8' title="bbox 164 924 1308 993; baseline 0 -18"><span class='ocrx_word' id='word_1_60' title='bbox 164 942 223 975; x_wconf 80' lang='lat' dir='ltr'><strong>nox</strong></span> <span class='ocrx_word' id='word_1_61' title='bbox 235 924 374 975; x_wconf 68' lang='lat' dir='ltr'><strong>Venerem</strong></span> <span class='ocrx_word' id='word_1_62' title='bbox 388 924 416 974; x_wconf 92' lang='lat' dir='ltr'><strong>id</strong></span> <span class='ocrx_word' id='word_1_63' title='bbox 429 929 474 975; x_wconf 88' lang='lat' dir='ltr'><strong>est</strong></span> <span class='ocrx_word' id='word_1_64' title='bbox 485 924 592 976; x_wconf 81' lang='lat' dir='ltr'><strong>Taurus</strong></span> <span class='ocrx_word' id='word_1_65' title='bbox 604 927 723 991; x_wconf 88' lang='lat' dir='ltr'><strong>accepit.</strong></span> <span class='ocrx_word' id='word_1_66' title='bbox 757 925 795 975; x_wconf 87' lang='lat' dir='ltr'><strong>ll.</strong></span> <span class='ocrx_word' id='word_1_67' title='bbox 815 932 843 976; x_wconf 91' lang='lat' dir='ltr'><strong>ct</strong></span> <span class='ocrx_word' id='word_1_68' title='bbox 855 940 947 976; x_wconf 86' lang='lat' dir='ltr'><strong>rursus</strong></span> <span class='ocrx_word' id='word_1_69' title='bbox 961 942 975 976; x_wconf 90' lang='lat' dir='ltr'><strong>e</strong></span> <span class='ocrx_word' id='word_1_70' title='bbox 994 928 1106 993; x_wconf 77' lang='lat' dir='ltr'><strong>regione</strong></span> <span class='ocrx_word' id='word_1_71' title='bbox 1120 926 1249 992; x_wconf 81' lang='lat' dir='ltr'><strong>Scorpius</strong></span> <span class='ocrx_word' id='word_1_72' title='bbox 1267 925 1308 975; x_wconf 86' lang='lat' dir='ltr'><strong>ita</strong></span> 
     </span>
     <span class='ocr_line' id='line_1_9' title="bbox 165 991 1304 1059; baseline -0.001 -16"><span class='ocrx_word' id='word_1_73' title='bbox 165 993 268 1043; x_wconf 80' lang='lat' dir='ltr'><strong>diuisus</strong></span> <span class='ocrx_word' id='word_1_74' title='bbox 280 997 334 1053; x_wconf 82' lang='lat' dir='ltr'><strong>est,</strong></span> <span class='ocrx_word' id='word_1_75' title='bbox 354 996 385 1041; x_wconf 95' lang='lat' dir='ltr'><strong>ut</strong></span> <span class='ocrx_word' id='word_1_76' title='bbox 402 991 456 1042; x_wconf 90' lang='lat' dir='ltr'><strong>deo</strong></span> <span class='ocrx_word' id='word_1_77' title='bbox 474 998 549 1043; x_wconf 85' lang='lat' dir='ltr'><strong>esset</strong></span> <span class='ocrx_word' id='word_1_78' title='bbox 562 994 669 1059; x_wconf 91' lang='lat' dir='ltr'><strong>utrique</strong></span> <span class='ocrx_word' id='word_1_79' title='bbox 688 995 848 1043; x_wconf 90' lang='lat' dir='ltr'><strong>communis.</strong></span> <span class='ocrx_word' id='word_1_80' title='bbox 878 1010 930 1044; x_wconf 89' lang='lat' dir='ltr'><strong>uec</strong></span> <span class='ocrx_word' id='word_1_81' title='bbox 943 996 1107 1044; x_wconf 84' lang='lat' dir='ltr'><strong>aestimatur</strong></span> <span class='ocrx_word' id='word_1_82' title='bbox 1120 996 1228 1043; x_wconf 87' lang='lat' dir='ltr'><strong>ratione</strong></span> <span class='ocrx_word' id='word_1_83' title='bbox 1242 1008 1304 1043; x_wconf 87' lang='lat' dir='ltr'><strong>cae·</strong></span> 
     </span>
     <span class='ocr_line' id='line_1_10' title="bbox 165 1059 1308 1127; baseline -0.001 -16"><span class='ocrx_word' id='word_1_84' title='bbox 165 1060 227 1111; x_wconf 86' lang='lat' dir='ltr'><strong>lesti</strong></span> <span class='ocrx_word' id='word_1_85' title='bbox 250 1074 351 1110; x_wconf 79' lang='lat' dir='ltr'><strong>estere</strong></span> <span class='ocrx_word' id='word_1_86' title='bbox 373 1060 436 1125; x_wconf 84' lang='lat' dir='ltr'><strong>ipss</strong></span> <span class='ocrx_word' id='word_1_87' title='bbox 455 1059 571 1111; x_wconf 88' lang='lat' dir='ltr'><strong>diuisio:</strong></span> <span class='ocrx_word' id='word_1_88' title='bbox 593 1060 729 1127; x_wconf 87' lang='lat' dir='ltr'><strong>siquidem</strong></span> <span class='ocrx_word' id='word_1_89' title='bbox 748 1061 846 1112; x_wconf 87' lang='lat' dir='ltr'><strong>aculeo</strong></span> <span class='ocrx_word' id='word_1_90' title='bbox 864 1061 941 1111; x_wconf 89' lang='lat' dir='ltr'><strong>uelut</strong></span> <span class='ocrx_word' id='word_1_91' title='bbox 958 1063 1151 1127; x_wconf 87' lang='lat' dir='ltr'><strong>potentissimo</strong></span> <span class='ocrx_word' id='word_1_92' title='bbox 1169 1060 1226 1112; x_wconf 90' lang='lat' dir='ltr'><strong>telo</strong></span> <span class='ocrx_word' id='word_1_93' title='bbox 1244 1076 1308 1126; x_wconf 89' lang='lat' dir='ltr'><strong>pars</strong></span> 
     </span>
     <span class='ocr_line' id='line_1_11' title="bbox 118 1121 1309 1196; baseline 0 -19"><span class='ocrx_word' id='word_1_94' title='bbox 118 1186 123 1193; x_wconf 26' lang='lat'>⁵</span> <span class='ocrx_word' id='word_1_95' title='bbox 165 1132 272 1178; x_wconf 79' lang='lat' dir='ltr'><strong>armata</strong></span> <span class='ocrx_word' id='word_1_96' title='bbox 290 1128 430 1193; x_wconf 75' lang='lat' dir='ltr'><strong>posterior</strong></span> <span class='ocrx_word' id='word_1_97' title='bbox 446 1127 617 1179; x_wconf 79' lang='lat' dir='ltr'><strong>domicilium</strong></span> <span class='ocrx_word' id='word_1_98' title='bbox 634 1130 735 1179; x_wconf 85' lang='lat' dir='ltr'><strong>Martis</strong></span> <span class='ocrx_word' id='word_1_99' title='bbox 753 1134 804 1190; x_wconf 83' lang='lat' dir='ltr'><strong>est,</strong></span> <span class='ocrx_word' id='word_1_100' title='bbox 824 1130 942 1194; x_wconf 89' lang='lat' dir='ltr'><strong>priorem</strong></span> <span class='ocrx_word' id='word_1_101' title='bbox 959 1144 1026 1180; x_wconf 91' lang='lat' dir='ltr'><strong>uero</strong></span> <span class='ocrx_word' id='word_1_102' title='bbox 1039 1136 1145 1196; x_wconf 86' lang='lat' dir='ltr'><strong>partem</strong></span> <span class='ocrx_word' id='word_1_103' title='bbox 1159 1130 1203 1178; x_wconf 92' lang='lat' dir='ltr'><strong>cui</strong></span> <span class='ocrx_word' id='word_1_104' title='bbox 1218 1121 1309 1193; x_wconf 76' lang='grc' dir='ltr'>Ζυγὸς</span> 
     </span>
     <span class='ocr_line' id='line_1_12' title="bbox 165 1194 1310 1262; baseline 0 -17"><span class='ocrx_word' id='word_1_105' title='bbox 165 1196 234 1262; x_wconf 82' lang='lat' dir='ltr'><strong>apud</strong></span> <span class='ocrx_word' id='word_1_106' title='bbox 251 1194 380 1245; x_wconf 80' lang='lat' dir='ltr'><strong>Graecos</strong></span> <span class='ocrx_word' id='word_1_107' title='bbox 392 1210 491 1245; x_wconf 89' lang='lat' dir='ltr'><strong>nomen</strong></span> <span class='ocrx_word' id='word_1_108' title='bbox 504 1202 560 1255; x_wconf 83' lang='lat' dir='ltr'><strong>est,</strong></span> <span class='ocrx_word' id='word_1_109' title='bbox 573 1212 623 1247; x_wconf 89' lang='lat' dir='ltr'><strong>noe</strong></span> <span class='ocrx_word' id='word_1_110' title='bbox 635 1198 749 1248; x_wconf 88' lang='lat' dir='ltr'><strong>Libram</strong></span> <span class='ocrx_word' id='word_1_111' title='bbox 758 1211 900 1260; x_wconf 84' lang='lat' dir='ltr'><strong>necamus,</strong></span> <span class='ocrx_word' id='word_1_112' title='bbox 912 1198 1005 1247; x_wconf 88' lang='lat' dir='ltr'><strong>Venus</strong></span> <span class='ocrx_word' id='word_1_113' title='bbox 1018 1198 1137 1262; x_wconf 82' lang='lat' dir='ltr'><strong>aceepit,</strong></span> <span class='ocrx_word' id='word_1_114' title='bbox 1151 1211 1222 1261; x_wconf 88' lang='lat' dir='ltr'><strong>qnae</strong></span> <span class='ocrx_word' id='word_1_115' title='bbox 1232 1195 1310 1246; x_wconf 88' lang='lat' dir='ltr'><strong>uelut</strong></span> 
     </span>
     <span class='ocr_line' id='line_1_13' title="bbox 165 1262 1308 1330; baseline 0 -18"><span class='ocrx_word' id='word_1_116' title='bbox 165 1264 227 1328; x_wconf 62' lang='lat' dir='ltr'><strong>iuge</strong></span> <span class='ocrx_word' id='word_1_117' title='bbox 244 1262 380 1313; x_wconf 78' lang='lat' dir='ltr'><strong>concordi</strong></span> <span class='ocrx_word' id='word_1_118' title='bbox 396 1262 487 1328; x_wconf 85' lang='lat' dir='ltr'><strong>iungit</strong></span> <span class='ocrx_word' id='word_1_119' title='bbox 503 1265 677 1315; x_wconf 82' lang='lat' dir='ltr'><strong>matrimonia</strong></span> <span class='ocrx_word' id='word_1_120' title='bbox 695 1266 888 1329; x_wconf 71' lang='lat' dir='ltr'><strong>amicitiasque</strong></span> <span class='ocrx_word' id='word_1_121' title='bbox 907 1266 1046 1330; x_wconf 82' lang='lat' dir='ltr'><strong>conponit.</strong></span> <span class='ocrx_word' id='word_1_122' title='bbox 1071 1264 1111 1313; x_wconf 73' lang='lat'><strong>12.</strong></span> <span class='ocrx_word' id='word_1_123' title='bbox 1128 1264 1176 1313; x_wconf 91' lang='lat' dir='ltr'><strong>sed</strong></span> <span class='ocrx_word' id='word_1_124' title='bbox 1196 1263 1308 1313; x_wconf 83' lang='lat' dir='ltr'><strong>Cincius</strong></span> 
     </span>
     <span class='ocr_line' id='line_1_14' title="bbox 165 1330 1309 1398; baseline 0.001 -18"><span class='ocrx_word' id='word_1_125' title='bbox 165 1332 191 1380; x_wconf 81' lang='lat' dir='ltr'><strong>is</strong></span> <span class='ocrx_word' id='word_1_126' title='bbox 207 1346 242 1381; x_wconf 89' lang='lat' dir='ltr'><strong>eo</strong></span> <span class='ocrx_word' id='word_1_127' title='bbox 259 1330 334 1381; x_wconf 85' lang='lat' dir='ltr'><strong>libre</strong></span> <span class='ocrx_word' id='word_1_128' title='bbox 352 1345 432 1396; x_wconf 87' lang='lat' dir='ltr'><strong>quern</strong></span> <span class='ocrx_word' id='word_1_129' title='bbox 450 1331 485 1381; x_wconf 91' lang='lat' dir='ltr'><strong>de</strong></span> <span class='ocrx_word' id='word_1_130' title='bbox 504 1331 584 1383; x_wconf 82' lang='lat' dir='ltr'><strong>tastis</strong></span> <span class='ocrx_word' id='word_1_131' title='bbox 601 1333 714 1397; x_wconf 89' lang='lat' dir='ltr'><strong>reliquit</strong></span> <span class='ocrx_word' id='word_1_132' title='bbox 726 1334 768 1382; x_wconf 87' lang='lat' dir='ltr'><strong>ait</strong></span> <span class='ocrx_word' id='word_1_133' title='bbox 780 1333 898 1396; x_wconf 87' lang='lat' dir='ltr'><strong>inperite</strong></span> <span class='ocrx_word' id='word_1_134' title='bbox 917 1333 1048 1397; x_wconf 87' lang='lat' dir='ltr'><strong>quosdam</strong></span> <span class='ocrx_word' id='word_1_135' title='bbox 1067 1331 1174 1398; x_wconf 92' lang='lat' dir='ltr'><strong>opinari</strong></span> <span class='ocrx_word' id='word_1_136' title='bbox 1186 1330 1309 1397; x_wconf 78' lang='lat' dir='ltr'><strong>Aprilem</strong></span> 
     </span>
     <span class='ocr_line' id='line_1_15' title="bbox 166 1397 1308 1464; baseline -0.002 -15"><span class='ocrx_word' id='word_1_137' title='bbox 166 1414 284 1449; x_wconf 81' lang='lat' dir='ltr'><strong>mensem</strong></span> <span class='ocrx_word' id='word_1_138' title='bbox 304 1399 435 1464; x_wconf 81' lang='lat' dir='ltr'><strong>antiquos</strong></span> <span class='ocrx_word' id='word_1_139' title='bbox 453 1414 470 1448; x_wconf 80' lang='lat' dir='ltr'><strong>a</strong></span> <span class='ocrx_word' id='word_1_140' title='bbox 488 1400 597 1450; x_wconf 88' lang='lat' dir='ltr'><strong>Venere</strong></span> <span class='ocrx_word' id='word_1_141' title='bbox 615 1400 732 1461; x_wconf 85' lang='lat' dir='ltr'><strong>dixisse,</strong></span> <span class='ocrx_word' id='word_1_142' title='bbox 757 1415 818 1450; x_wconf 88' lang='lat' dir='ltr'><strong>eum</strong></span> <span class='ocrx_word' id='word_1_143' title='bbox 841 1399 933 1450; x_wconf 90' lang='lat' dir='ltr'><strong>nullus</strong></span> <span class='ocrx_word' id='word_1_144' title='bbox 955 1399 1015 1450; x_wconf 86' lang='lat' dir='ltr'><strong>dies</strong></span> <span class='ocrx_word' id='word_1_145' title='bbox 1040 1401 1128 1449; x_wconf 82' lang='lat' dir='ltr'><strong>festus</strong></span> <span class='ocrx_word' id='word_1_146' title='bbox 1151 1397 1308 1464; x_wconf 91' lang='lat' dir='ltr'><strong>nullumque</strong></span> 
     </span>
     <span class='ocr_line' id='line_1_16' title="bbox 166 1466 1307 1533; baseline -0.001 -17"><span class='ocrx_word' id='word_1_147' title='bbox 166 1466 333 1517; x_wconf 76' lang='lat' dir='ltr'><strong>ncrifieiunr</strong></span> <span class='ocrx_word' id='word_1_148' title='bbox 351 1466 461 1531; x_wconf 76' lang='lat' dir='ltr'><strong>insigne</strong></span> <span class='ocrx_word' id='word_1_149' title='bbox 479 1467 581 1517; x_wconf 88' lang='lat' dir='ltr'><strong>Veneri</strong></span> <span class='ocrx_word' id='word_1_150' title='bbox 599 1484 648 1533; x_wconf 90' lang='lat' dir='ltr'><strong>per</strong></span> <span class='ocrx_word' id='word_1_151' title='bbox 665 1467 737 1518; x_wconf 87' lang='lat' dir='ltr'><strong>hune</strong></span> <span class='ocrx_word' id='word_1_152' title='bbox 755 1484 876 1517; x_wconf 89' lang='lat' dir='ltr'><strong>mensem</strong></span> <span class='ocrx_word' id='word_1_153' title='bbox 889 1483 906 1517; x_wconf 88' lang='lat' dir='ltr'><strong>a</strong></span> <span class='ocrx_word' id='word_1_154' title='bbox 918 1467 1069 1517; x_wconf 90' lang='lat' dir='ltr'><strong>maioribus</strong></span> <span class='ocrx_word' id='word_1_155' title='bbox 1087 1466 1243 1516; x_wconf 84' lang='lat' dir='ltr'><strong>institutum</strong></span> <span class='ocrx_word' id='word_1_156' title='bbox 1261 1467 1307 1528; x_wconf 83' lang='lat' dir='ltr'><strong>eit,</strong></span> 
     </span>
     <span class='ocr_line' id='line_1_17' title="bbox 166 1534 1307 1600; baseline 0 -17"><span class='ocrx_word' id='word_1_157' title='bbox 166 1534 210 1583; x_wconf 80' lang='lat' dir='ltr'><strong>scd</strong></span> <span class='ocrx_word' id='word_1_158' title='bbox 228 1550 264 1585; x_wconf 88' lang='lat' dir='ltr'><strong>ue</strong></span> <span class='ocrx_word' id='word_1_159' title='bbox 288 1535 319 1583; x_wconf 86' lang='lat' dir='ltr'><strong>in</strong></span> <span class='ocrx_word' id='word_1_160' title='bbox 337 1535 507 1584; x_wconf 73' lang='lat' dir='ltr'><strong>carminibus</strong></span> <span class='ocrx_word' id='word_1_161' title='bbox 525 1536 634 1600; x_wconf 88' lang='lat' dir='ltr'><strong>quidem</strong></span> <span class='ocrx_word' id='word_1_162' title='bbox 653 1535 789 1585; x_wconf 86' lang='lat' dir='ltr'><strong>Saliorum</strong></span> <span class='ocrx_word' id='word_1_163' title='bbox 808 1536 924 1586; x_wconf 86' lang='lat' dir='ltr'><strong>Veneris</strong></span> <span class='ocrx_word' id='word_1_164' title='bbox 945 1535 1003 1585; x_wconf 88' lang='lat' dir='ltr'><strong>ulla</strong></span> <span class='ocrx_word' id='word_1_165' title='bbox 1021 1540 1052 1585; x_wconf 87' lang='lat' dir='ltr'><strong>ut</strong></span> <span class='ocrx_word' id='word_1_166' title='bbox 1070 1540 1224 1585; x_wconf 87' lang='lat' dir='ltr'><strong>ceterorum</strong></span> <span class='ocrx_word' id='word_1_167' title='bbox 1243 1549 1307 1584; x_wconf 90' lang='lat' dir='ltr'><strong>eae·</strong></span> 
     </span>
     <span class='ocr_line' id='line_1_18' title="bbox 166 1600 1309 1663; baseline 0 -12"><span class='ocrx_word' id='word_1_168' title='bbox 166 1601 273 1652; x_wconf 72' lang='lat' dir='ltr'><strong>lentium</strong></span> <span class='ocrx_word' id='word_1_169' title='bbox 285 1600 350 1652; x_wconf 80' lang='lat' dir='ltr'><strong>lans</strong></span> <span class='ocrx_word' id='word_1_170' title='bbox 362 1600 527 1652; x_wconf 77' lang='lat' dir='ltr'><strong>celebretur.</strong></span> <span class='ocrx_word' id='word_1_171' title='bbox 549 1602 586 1654; x_wconf 80' lang='lat' dir='ltr'><strong>la.</strong></span> <span class='ocrx_word' id='word_1_172' title='bbox 601 1603 698 1653; x_wconf 87' lang='lat' dir='ltr'><strong>Cincio</strong></span> <span class='ocrx_word' id='word_1_173' title='bbox 712 1604 795 1653; x_wconf 88' lang='lat' dir='ltr'><strong>etiam</strong></span> <span class='ocrx_word' id='word_1_174' title='bbox 803 1603 891 1663; x_wconf 76' lang='lat' dir='ltr'><strong>Varro</strong></span> <span class='ocrx_word' id='word_1_175' title='bbox 903 1604 1042 1653; x_wconf 84' lang='lat' dir='ltr'><strong>consentit</strong></span> <span class='ocrx_word' id='word_1_176' title='bbox 1052 1602 1198 1653; x_wconf 85' lang='lat' dir='ltr'><strong>adfirmans</strong></span> <span class='ocrx_word' id='word_1_177' title='bbox 1210 1616 1309 1652; x_wconf 88' lang='lat' dir='ltr'><strong>nomen</strong></span> 
     </span>
     <span class='ocr_line' id='line_1_19' title="bbox 167 1668 1309 1736; baseline 0.002 -20"><span class='ocrx_word' id='word_1_178' title='bbox 167 1668 281 1720; x_wconf 74' lang='lat' dir='ltr'><strong>Veneris</strong></span> <span class='ocrx_word' id='word_1_179' title='bbox 304 1684 341 1719; x_wconf 85' lang='lat' dir='ltr'><strong>ne</strong></span> <span class='ocrx_word' id='word_1_180' title='bbox 362 1670 413 1719; x_wconf 89' lang='lat' dir='ltr'><strong>sub</strong></span> <span class='ocrx_word' id='word_1_181' title='bbox 432 1670 542 1735; x_wconf 76' lang='lat' dir='ltr'><strong>regibus</strong></span> <span class='ocrx_word' id='word_1_182' title='bbox 560 1672 668 1736; x_wconf 89' lang='lat' dir='ltr'><strong>quidem</strong></span> <span class='ocrx_word' id='word_1_183' title='bbox 691 1670 763 1736; x_wconf 88' lang='lat' dir='ltr'><strong>apud</strong></span> <span class='ocrx_word' id='word_1_184' title='bbox 781 1671 920 1721; x_wconf 84' lang='lat' dir='ltr'><strong>Romanos</strong></span> <span class='ocrx_word' id='word_1_185' title='bbox 936 1670 982 1720; x_wconf 92' lang='lat' dir='ltr'><strong>uel</strong></span> <span class='ocrx_word' id='word_1_186' title='bbox 1000 1672 1130 1721; x_wconf 84' lang='lat' dir='ltr'><strong>Latinum</strong></span> <span class='ocrx_word' id='word_1_187' title='bbox 1153 1669 1199 1720; x_wconf 92' lang='lat' dir='ltr'><strong>uel</strong></span> <span class='ocrx_word' id='word_1_188' title='bbox 1223 1669 1309 1719; x_wconf 85' lang='lat' dir='ltr'><strong>Grae·</strong></span> 
     </span>
     <span class='ocr_line' id='line_1_20' title="bbox 168 1737 1310 1805; baseline 0 -19"><span class='ocrx_word' id='word_1_189' title='bbox 168 1752 224 1787; x_wconf 75' lang='lat' dir='ltr'><strong>earn</strong></span> <span class='ocrx_word' id='word_1_190' title='bbox 237 1737 337 1797; x_wconf 84' lang='lat' dir='ltr'><strong>luisse,</strong></span> <span class='ocrx_word' id='word_1_191' title='bbox 352 1742 382 1786; x_wconf 89' lang='lat' dir='ltr'><strong>et</strong></span> <span class='ocrx_word' id='word_1_192' title='bbox 396 1737 461 1787; x_wconf 87' lang='lat' dir='ltr'><strong>ideo</strong></span> <span class='ocrx_word' id='word_1_193' title='bbox 474 1754 528 1788; x_wconf 92' lang='lat' dir='ltr'><strong>uon</strong></span> <span class='ocrx_word' id='word_1_194' title='bbox 540 1741 662 1805; x_wconf 90' lang='lat' dir='ltr'><strong>potuisse</strong></span> <span class='ocrx_word' id='word_1_195' title='bbox 675 1754 797 1788; x_wconf 90' lang='lat' dir='ltr'><strong>mensem</strong></span> <span class='ocrx_word' id='word_1_196' title='bbox 810 1755 827 1788; x_wconf 91' lang='lat' dir='ltr'><strong>a</strong></span> <span class='ocrx_word' id='word_1_197' title='bbox 839 1739 946 1788; x_wconf 86' lang='lat' dir='ltr'><strong>Venere</strong></span> <span class='ocrx_word' id='word_1_198' title='bbox 960 1738 1103 1789; x_wconf 82' lang='lat' dir='ltr'><strong>nominari.</strong></span> <span class='ocrx_word' id='word_1_199' title='bbox 1135 1737 1173 1788; x_wconf 79' lang='lat'><strong>14.</strong></span> <span class='ocrx_word' id='word_1_200' title='bbox 1187 1737 1236 1788; x_wconf 87' lang='lat' dir='ltr'><strong>sed</strong></span> <span class='ocrx_word' id='word_1_201' title='bbox 1248 1752 1310 1787; x_wconf 88' lang='lat' dir='ltr'><strong>eum</strong></span> 
     </span>
     <span class='ocr_line' id='line_1_21' title="bbox 169 1804 1310 1870; baseline 0.001 -17"><span class='ocrx_word' id='word_1_202' title='bbox 169 1804 224 1854; x_wconf 81' lang='lat' dir='ltr'><strong>lere</strong></span> <span class='ocrx_word' id='word_1_203' title='bbox 242 1811 312 1854; x_wconf 82' lang='lat' dir='ltr'><strong>ente</strong></span> <span class='ocrx_word' id='word_1_204' title='bbox 331 1806 536 1870; x_wconf 83' lang='lat' dir='ltr'><strong>aequinoctium</strong></span> <span class='ocrx_word' id='word_1_205' title='bbox 553 1822 668 1856; x_wconf 89' lang='lat' dir='ltr'><strong>uernum</strong></span> <span class='ocrx_word' id='word_1_206' title='bbox 691 1806 771 1856; x_wconf 86' lang='lat' dir='ltr'><strong>triete</strong></span> <span class='ocrx_word' id='word_1_207' title='bbox 788 1807 826 1856; x_wconf 90' lang='lat' dir='ltr'><strong>sit</strong></span> <span class='ocrx_word' id='word_1_208' title='bbox 844 1806 951 1856; x_wconf 89' lang='lat' dir='ltr'><strong>caelum</strong></span> <span class='ocrx_word' id='word_1_209' title='bbox 970 1813 998 1856; x_wconf 87' lang='lat' dir='ltr'><strong>et</strong></span> <span class='ocrx_word' id='word_1_210' title='bbox 1015 1806 1134 1856; x_wconf 88' lang='lat' dir='ltr'><strong>nubibus</strong></span> <span class='ocrx_word' id='word_1_211' title='bbox 1152 1806 1310 1867; x_wconf 88' lang='lat' dir='ltr'><strong>obductum,</strong></span> 
     </span>
     <span class='ocr_line' id='line_1_22' title="bbox 168 1872 1312 1941; baseline 0 -20"><span class='ocrx_word' id='word_1_212' title='bbox 168 1872 212 1921; x_wconf 86' lang='lat' dir='ltr'><strong>sed</strong></span> <span class='ocrx_word' id='word_1_213' title='bbox 232 1879 261 1922; x_wconf 87' lang='lat' dir='ltr'><strong>et</strong></span> <span class='ocrx_word' id='word_1_214' title='bbox 285 1888 364 1923; x_wconf 81' lang='lat' dir='ltr'><strong>mure</strong></span> <span class='ocrx_word' id='word_1_215' title='bbox 387 1874 586 1937; x_wconf 76' lang='lat' dir='ltr'><strong>nauigantibus</strong></span> <span class='ocrx_word' id='word_1_216' title='bbox 609 1874 745 1936; x_wconf 88' lang='lat' dir='ltr'><strong>clausum,</strong></span> <span class='ocrx_word' id='word_1_217' title='bbox 769 1878 860 1923; x_wconf 87' lang='lat' dir='ltr'><strong>terrae</strong></span> <span class='ocrx_word' id='word_1_218' title='bbox 885 1875 970 1924; x_wconf 86' lang='lat' dir='ltr'><strong>etiam</strong></span> <span class='ocrx_word' id='word_1_219' title='bbox 992 1875 1070 1941; x_wconf 89' lang='lat' dir='ltr'><strong>ipsae</strong></span> <span class='ocrx_word' id='word_1_220' title='bbox 1095 1880 1143 1924; x_wconf 83' lang='lat' dir='ltr'><strong>arrt</strong></span> <span class='ocrx_word' id='word_1_221' title='bbox 1166 1888 1239 1940; x_wconf 88' lang='lat' dir='ltr'><strong>aqua</strong></span> <span class='ocrx_word' id='word_1_222' title='bbox 1262 1878 1312 1922; x_wconf 90' lang='lat' dir='ltr'><strong>aut</strong></span> 
     </span>
     <span class='ocr_line' id='line_1_23' title="bbox 168 1940 1310 2007; baseline 0.001 -18"><span class='ocrx_word' id='word_1_223' title='bbox 168 1942 262 2005; x_wconf 78' lang='lat' dir='ltr'><strong>purius</strong></span> <span class='ocrx_word' id='word_1_224' title='bbox 286 1946 336 1989; x_wconf 83' lang='lat' dir='ltr'><strong>aut</strong></span> <span class='ocrx_word' id='word_1_225' title='bbox 359 1940 469 1990; x_wconf 84' lang='lat' dir='ltr'><strong>niuibus</strong></span> <span class='ocrx_word' id='word_1_226' title='bbox 488 1948 671 2007; x_wconf 82' lang='lat' dir='ltr'><strong>contegantur</strong></span> <span class='ocrx_word' id='word_1_227' title='bbox 694 1956 782 2006; x_wconf 87' lang='lat' dir='ltr'><strong>eaque</strong></span> <span class='ocrx_word' id='word_1_228' title='bbox 800 1943 893 1992; x_wconf 85' lang='lat' dir='ltr'><strong>omnia</strong></span> <span class='ocrx_word' id='word_1_229' title='bbox 915 1958 1000 1991; x_wconf 86' lang='lat' dir='ltr'><strong>uerno</strong></span> <span class='ocrx_word' id='word_1_230' title='bbox 1023 1943 1052 1992; x_wconf 89' lang='lat' dir='ltr'><strong>id</strong></span> <span class='ocrx_word' id='word_1_231' title='bbox 1075 1947 1119 1993; x_wconf 86' lang='lat' dir='ltr'><strong>est</strong></span> <span class='ocrx_word' id='word_1_232' title='bbox 1140 1942 1193 1992; x_wconf 91' lang='lat' dir='ltr'><strong>hoe</strong></span> <span class='ocrx_word' id='word_1_233' title='bbox 1216 1955 1310 1991; x_wconf 86' lang='lat' dir='ltr'><strong>mense</strong></span> 
     </span>
     <span class='ocr_line' id='line_1_24' title="bbox 168 2008 1310 2075; baseline 0.001 -19"><span class='ocrx_word' id='word_1_234' title='bbox 168 2008 336 2073; x_wconf 82' lang='lat' dir='ltr'><strong>aperiantur,</strong></span> <span class='ocrx_word' id='word_1_235' title='bbox 357 2008 469 2058; x_wconf 85' lang='lat' dir='ltr'><strong>arbores</strong></span> <span class='ocrx_word' id='word_1_236' title='bbox 487 2024 592 2074; x_wconf 90' lang='lat' dir='ltr'><strong>quoque</strong></span> <span class='ocrx_word' id='word_1_237' title='bbox 605 2024 657 2059; x_wconf 87' lang='lat' dir='ltr'><strong>nee</strong></span> <span class='ocrx_word' id='word_1_238' title='bbox 669 2010 758 2059; x_wconf 91' lang='lat' dir='ltr'><strong>minus</strong></span> <span class='ocrx_word' id='word_1_239' title='bbox 771 2015 866 2060; x_wconf 85' lang='lat' dir='ltr'><strong>cetera</strong></span> <span class='ocrx_word' id='word_1_240' title='bbox 885 2025 955 2075; x_wconf 90' lang='lat' dir='ltr'><strong>quae</strong></span> <span class='ocrx_word' id='word_1_241' title='bbox 968 2011 1093 2060; x_wconf 89' lang='lat' dir='ltr'><strong>continet</strong></span> <span class='ocrx_word' id='word_1_242' title='bbox 1110 2016 1184 2059; x_wconf 88' lang='lat' dir='ltr'><strong>terra</strong></span> <span class='ocrx_word' id='word_1_243' title='bbox 1203 2009 1310 2075; x_wconf 88' lang='lat' dir='ltr'><strong>aperire</strong></span> 
     </span>
     <span class='ocr_line' id='line_1_25' title="bbox 169 2076 1310 2143; baseline 0 -18"><span class='ocrx_word' id='word_1_244' title='bbox 169 2092 195 2125; x_wconf 87' lang='lat' dir='ltr'><strong>se</strong></span> <span class='ocrx_word' id='word_1_245' title='bbox 213 2078 241 2125; x_wconf 91' lang='lat' dir='ltr'><strong>in</strong></span> <span class='ocrx_word' id='word_1_246' title='bbox 260 2091 376 2141; x_wconf 73' lang='lat' dir='ltr'><strong>germen</strong></span> <span class='ocrx_word' id='word_1_247' title='bbox 393 2076 545 2142; x_wconf 85' lang='lat' dir='ltr'><strong>incipiant:</strong></span> <span class='ocrx_word' id='word_1_248' title='bbox 569 2077 605 2127; x_wconf 90' lang='lat' dir='ltr'><strong>ab</strong></span> <span class='ocrx_word' id='word_1_249' title='bbox 627 2076 671 2127; x_wconf 87' lang='lat' dir='ltr'><strong>bis</strong></span> <span class='ocrx_word' id='word_1_250' title='bbox 697 2077 823 2128; x_wconf 88' lang='lat' dir='ltr'><strong>omnibus</strong></span> <span class='ocrx_word' id='word_1_251' title='bbox 844 2093 966 2127; x_wconf 89' lang='lat' dir='ltr'><strong>mensem</strong></span> <span class='ocrx_word' id='word_1_252' title='bbox 989 2078 1111 2143; x_wconf 78' lang='lat' dir='ltr'><strong>Aprilem</strong></span> <span class='ocrx_word' id='word_1_253' title='bbox 1134 2078 1190 2128; x_wconf 87' lang='lat' dir='ltr'><strong>diei</strong></span> <span class='ocrx_word' id='word_1_254' title='bbox 1214 2077 1310 2127; x_wconf 89' lang='lat' dir='ltr'><strong>merito</strong></span> 
     </span>
     <span class='ocr_line' id='line_1_26' title="bbox 169 2135 1310 2211; baseline 0 -18"><span class='ocrx_word' id='word_1_255' title='bbox 169 2143 333 2193; x_wconf 85' lang='lat' dir='ltr'><strong>credendum</strong></span> <span class='ocrx_word' id='word_1_256' title='bbox 346 2147 390 2193; x_wconf 88' lang='lat' dir='ltr'><strong>est</strong></span> <span class='ocrx_word' id='word_1_257' title='bbox 404 2144 485 2208; x_wconf 87' lang='lat' dir='ltr'><strong>qussi</strong></span> <span class='ocrx_word' id='word_1_258' title='bbox 500 2144 648 2210; x_wconf 88' lang='lat' dir='ltr'><strong>Aperilem‚</strong></span> <span class='ocrx_word' id='word_1_259' title='bbox 661 2145 734 2195; x_wconf 88' lang='lat' dir='ltr'><strong>sieut</strong></span> <span class='ocrx_word' id='word_1_260' title='bbox 745 2145 818 2211; x_wconf 89' lang='lat' dir='ltr'><strong>apud</strong></span> <span class='ocrx_word' id='word_1_261' title='bbox 830 2143 1014 2195; x_wconf 78' lang='lat' dir='ltr'><strong>Athenienses</strong></span> <span class='ocrx_word' id='word_1_262' title='bbox 1025 2135 1226 2211; x_wconf 76' lang='grc' dir='ltr'><strong>α’νθιστηριών</strong></span> <span class='ocrx_word' id='word_1_263' title='bbox 1237 2145 1310 2194; x_wconf 90' lang='lat' dir='ltr'><strong>idem</strong></span> 
     </span>
     <span class='ocr_line' id='line_1_27' title="bbox 171 2211 1311 2278; baseline 0.001 -18"><span class='ocrx_word' id='word_1_264' title='bbox 171 2211 267 2261; x_wconf 80' lang='lat' dir='ltr'><strong>mensis</strong></span> <span class='ocrx_word' id='word_1_265' title='bbox 282 2216 401 2262; x_wconf 78' lang='lat' dir='ltr'><strong>uocatur</strong></span> <span class='ocrx_word' id='word_1_266' title='bbox 419 2211 454 2260; x_wconf 85' lang='lat' dir='ltr'><strong>ab</strong></span> <span class='ocrx_word' id='word_1_267' title='bbox 473 2227 506 2262; x_wconf 91' lang='lat' dir='ltr'><strong>eo</strong></span> <span class='ocrx_word' id='word_1_268' title='bbox 519 2212 590 2277; x_wconf 92' lang='lat' dir='ltr'><strong>quod</strong></span> <span class='ocrx_word' id='word_1_269' title='bbox 602 2212 654 2262; x_wconf 87' lang='lat' dir='ltr'><strong>boe</strong></span> <span class='ocrx_word' id='word_1_270' title='bbox 665 2218 789 2278; x_wconf 89' lang='lat' dir='ltr'><strong>ternpore</strong></span> <span class='ocrx_word' id='word_1_271' title='bbox 802 2218 903 2264; x_wconf 88' lang='lat' dir='ltr'><strong>cuneta</strong></span> <span class='ocrx_word' id='word_1_272' title='bbox 914 2215 1070 2263; x_wconf 86' lang='lat' dir='ltr'><strong>florescant.</strong></span> <span class='ocrx_word' id='word_1_273' title='bbox 1096 2213 1136 2262; x_wconf 82' lang='lat'><strong>15.</strong></span> <span class='ocrx_word' id='word_1_274' title='bbox 1150 2217 1311 2263; x_wconf 87' lang='lat' dir='ltr'><strong>nontamen</strong></span> 
     </span>
     <span class='ocr_line' id='line_1_28' title="bbox 170 2278 1310 2347; baseline 0.002 -20"><span class='ocrx_word' id='word_1_275' title='bbox 170 2283 251 2343; x_wconf 69' lang='lat' dir='ltr'><strong>regat</strong></span> <span class='ocrx_word' id='word_1_276' title='bbox 262 2279 378 2329; x_wconf 81' lang='lat' dir='ltr'><strong>Verrius</strong></span> <span class='ocrx_word' id='word_1_277' title='bbox 389 2278 509 2330; x_wconf 80' lang='lat' dir='ltr'><strong>Flaccus</strong></span> <span class='ocrx_word' id='word_1_278' title='bbox 526 2280 578 2331; x_wconf 87' lang='lat' dir='ltr'><strong>hoc</strong></span> <span class='ocrx_word' id='word_1_279' title='bbox 595 2280 640 2331; x_wconf 90' lang='lat' dir='ltr'><strong>die</strong></span> <span class='ocrx_word' id='word_1_280' title='bbox 653 2284 751 2347; x_wconf 91' lang='lat' dir='ltr'><strong>postea</strong></span> <span class='ocrx_word' id='word_1_281' title='bbox 764 2281 940 2330; x_wconf 89' lang='lat' dir='ltr'><strong>coustitutum</strong></span> <span class='ocrx_word' id='word_1_282' title='bbox 955 2286 986 2330; x_wconf 89' lang='lat' dir='ltr'><strong>ut</strong></span> <span class='ocrx_word' id='word_1_283' title='bbox 998 2286 1140 2331; x_wconf 88' lang='lat' dir='ltr'><strong>matronae</strong></span> <span class='ocrx_word' id='word_1_284' title='bbox 1152 2281 1255 2330; x_wconf 89' lang='lat' dir='ltr'><strong>Veneri</strong></span> <span class='ocrx_word' id='word_1_285' title='bbox 1267 2296 1310 2331; x_wconf 87' lang='lat' dir='ltr'><strong>sa-</strong></span> 
     </span>
     <span class='ocr_line' id='line_1_29' title="bbox 170 2347 1310 2413; baseline 0 -18"><span class='ocrx_word' id='word_1_286' title='bbox 170 2362 240 2397; x_wconf 85' lang='lat' dir='ltr'><strong>crum</strong></span> <span class='ocrx_word' id='word_1_287' title='bbox 252 2347 395 2398; x_wconf 80' lang='lat' dir='ltr'><strong>lacerent:</strong></span> <span class='ocrx_word' id='word_1_288' title='bbox 414 2347 491 2397; x_wconf 84' lang='lat' dir='ltr'><strong>cuius</strong></span> <span class='ocrx_word' id='word_1_289' title='bbox 508 2348 549 2398; x_wconf 90' lang='lat' dir='ltr'><strong>rei</strong></span> <span class='ocrx_word' id='word_1_290' title='bbox 566 2362 678 2399; x_wconf 87' lang='lat' dir='ltr'><strong>causam</strong></span> <span class='ocrx_word' id='word_1_291' title='bbox 694 2349 757 2413; x_wconf 90' lang='lat' dir='ltr'><strong>qnia</strong></span> <span class='ocrx_word' id='word_1_292' title='bbox 768 2348 832 2398; x_wconf 91' lang='lat' dir='ltr'><strong>huie</strong></span> <span class='ocrx_word' id='word_1_293' title='bbox 844 2348 906 2399; x_wconf 89' lang='lat' dir='ltr'><strong>loco</strong></span> <span class='ocrx_word' id='word_1_294' title='bbox 924 2364 978 2398; x_wconf 92' lang='lat' dir='ltr'><strong>non</strong></span> <span class='ocrx_word' id='word_1_295' title='bbox 991 2350 1120 2398; x_wconf 89' lang='lat' dir='ltr'><strong>conuenit</strong></span> <span class='ocrx_word' id='word_1_296' title='bbox 1132 2353 1310 2412; x_wconf 86' lang='lat' dir='ltr'><strong>praetereun-</strong></span> 
     </span>
     <span class='ocr_line' id='line_1_30' title="bbox 171 2412 1311 2481; baseline 0 -18"><span class='ocrx_word' id='word_1_297' title='bbox 171 2412 228 2464; x_wconf 90' lang='lat' dir='ltr'><strong>dum</strong></span> <span class='ocrx_word' id='word_1_298' title='bbox 240 2419 293 2465; x_wconf 85' lang='lat' dir='ltr'><strong>est.</strong></span> <span class='ocrx_word' id='word_1_299' title='bbox 319 2413 359 2464; x_wconf 76' lang='lat' dir='ltr'><strong>ld</strong></span> <span class='ocrx_word' id='word_1_300' title='bbox 373 2414 477 2464; x_wconf 77' lang='lat' dir='ltr'><strong>Maium</strong></span> <span class='ocrx_word' id='word_1_301' title='bbox 489 2415 619 2466; x_wconf 80' lang='lat' dir='ltr'><strong>Romulus</strong></span> <span class='ocrx_word' id='word_1_302' title='bbox 632 2417 742 2465; x_wconf 89' lang='lat' dir='ltr'><strong>tertium</strong></span> <span class='ocrx_word' id='word_1_303' title='bbox 754 2417 859 2481; x_wconf 87' lang='lat' dir='ltr'><strong>posuit,</strong></span> <span class='ocrx_word' id='word_1_304' title='bbox 875 2416 909 2466; x_wconf 90' lang='lat' dir='ltr'><strong>de</strong></span> <span class='ocrx_word' id='word_1_305' title='bbox 923 2417 1000 2466; x_wconf 89' lang='lat' dir='ltr'><strong>euius</strong></span> <span class='ocrx_word' id='word_1_306' title='bbox 1012 2416 1121 2472; x_wconf 86' lang='lat' dir='ltr'><strong>nomine</strong></span> <span class='ocrx_word' id='word_1_307' title='bbox 1132 2416 1205 2464; x_wconf 90' lang='lat' dir='ltr'><strong>inter</strong></span> <span class='ocrx_word' id='word_1_308' title='bbox 1218 2419 1311 2464; x_wconf 87' lang='lat' dir='ltr'><strong>aueto-</strong></span> 
     </span>
     <span class='ocr_line' id='line_1_31' title="bbox 171 2480 1312 2548; baseline -0.001 -15"><span class='ocrx_word' id='word_1_309' title='bbox 171 2497 212 2533; x_wconf 70' lang='grc' dir='ltr'><strong>τοι</strong></span> <span class='ocrx_word' id='word_1_310' title='bbox 221 2482 281 2533; x_wconf 81' lang='lat' dir='ltr'><strong>lats</strong></span> <span class='ocrx_word' id='word_1_311' title='bbox 293 2482 429 2532; x_wconf 80' lang='lat' dir='ltr'><strong>dissensio</strong></span> <span class='ocrx_word' id='word_1_312' title='bbox 443 2488 493 2533; x_wconf 87' lang='lat' dir='ltr'><strong>est.</strong></span> <span class='ocrx_word' id='word_1_313' title='bbox 510 2498 575 2533; x_wconf 89' lang='lat' dir='ltr'><strong>nam</strong></span> <span class='ocrx_word' id='word_1_314' title='bbox 587 2483 700 2534; x_wconf 87' lang='lat' dir='ltr'><strong>Fuluius</strong></span> <span class='ocrx_word' id='word_1_315' title='bbox 711 2484 835 2534; x_wconf 82' lang='lat' dir='ltr'><strong>Nobilior</strong></span> <span class='ocrx_word' id='word_1_316' title='bbox 846 2484 874 2533; x_wconf 91' lang='lat' dir='ltr'><strong>in</strong></span> <span class='ocrx_word' id='word_1_317' title='bbox 888 2484 968 2534; x_wconf 81' lang='lat' dir='ltr'><strong>tastis</strong></span> <span class='ocrx_word' id='word_1_318' title='bbox 981 2499 1047 2548; x_wconf 91' lang='lat' dir='ltr'><strong>quos</strong></span> <span class='ocrx_word' id='word_1_319' title='bbox 1059 2484 1088 2533; x_wconf 91' lang='lat' dir='ltr'><strong>in</strong></span> <span class='ocrx_word' id='word_1_320' title='bbox 1100 2483 1170 2533; x_wconf 89' lang='lat' dir='ltr'><strong>aede</strong></span> <span class='ocrx_word' id='word_1_321' title='bbox 1182 2480 1312 2532; x_wconf 85' lang='lat' dir='ltr'><strong>Herculis</strong></span> 
     </span>
     <span class='ocr_line' id='line_1_32' title="bbox 172 2550 1312 2618; baseline 0.001 -20"><span class='ocrx_word' id='word_1_322' title='bbox 172 2550 305 2600; x_wconf 78' lang='lat' dir='ltr'><strong>Musarum</strong></span> <span class='ocrx_word' id='word_1_323' title='bbox 317 2551 410 2616; x_wconf 86' lang='lat' dir='ltr'><strong>posuit</strong></span> <span class='ocrx_word' id='word_1_324' title='bbox 421 2550 564 2600; x_wconf 84' lang='lat' dir='ltr'><strong>Romulum</strong></span> <span class='ocrx_word' id='word_1_325' title='bbox 577 2551 656 2612; x_wconf 89' lang='lat' dir='ltr'><strong>dicit,</strong></span> <span class='ocrx_word' id='word_1_326' title='bbox 671 2557 815 2617; x_wconf 87' lang='lat' dir='ltr'><strong>postquam</strong></span> <span class='ocrx_word' id='word_1_327' title='bbox 827 2552 954 2618; x_wconf 91' lang='lat' dir='ltr'><strong>populum</strong></span> <span class='ocrx_word' id='word_1_328' title='bbox 967 2554 995 2600; x_wconf 93' lang='lat' dir='ltr'><strong>in</strong></span> <span class='ocrx_word' id='word_1_329' title='bbox 1007 2553 1126 2601; x_wconf 86' lang='lat' dir='ltr'><strong>maiores</strong></span> <span class='ocrx_word' id='word_1_330' title='bbox 1138 2550 1312 2613; x_wconf 85' lang='lat' dir='ltr'><strong>iunioresque</strong></span> 
     </span>
     <span class='ocr_line' id='line_1_33' title="bbox 171 2616 1311 2684; baseline -0.002 -19"><span class='ocrx_word' id='word_1_331' title='bbox 171 2617 268 2679; x_wconf 77' lang='lat' dir='ltr'><strong>diuisit,</strong></span> <span class='ocrx_word' id='word_1_332' title='bbox 280 2624 311 2667; x_wconf 91' lang='lat' dir='ltr'><strong>ut</strong></span> <span class='ocrx_word' id='word_1_333' title='bbox 323 2617 414 2668; x_wconf 86' lang='lat' dir='ltr'><strong>altera</strong></span> <span class='ocrx_word' id='word_1_334' title='bbox 426 2634 491 2684; x_wconf 88' lang='lat' dir='ltr'><strong>pars</strong></span> <span class='ocrx_word' id='word_1_335' title='bbox 504 2618 618 2669; x_wconf 86' lang='lat' dir='ltr'><strong>consilio</strong></span> <span class='ocrx_word' id='word_1_336' title='bbox 631 2619 720 2668; x_wconf 86' lang='lat' dir='ltr'><strong>altera</strong></span> <span class='ocrx_word' id='word_1_337' title='bbox 733 2620 815 2669; x_wconf 84' lang='lat' dir='ltr'><strong>armis</strong></span> <span class='ocrx_word' id='word_1_338' title='bbox 828 2620 1024 2684; x_wconf 83' lang='lat' dir='ltr'><strong>rempublicam</strong></span> <span class='ocrx_word' id='word_1_339' title='bbox 1036 2623 1173 2678; x_wconf 90' lang='lat' dir='ltr'><strong>tueretur,</strong></span> <span class='ocrx_word' id='word_1_340' title='bbox 1187 2617 1215 2665; x_wconf 90' lang='lat' dir='ltr'><strong>in</strong></span> <span class='ocrx_word' id='word_1_341' title='bbox 1228 2616 1311 2666; x_wconf 86' lang='lat' dir='ltr'><strong>bone·</strong></span> 
     </span>
     <span class='ocr_line' id='line_1_34' title="bbox 172 2684 1311 2752; baseline -0.001 -19"><span class='ocrx_word' id='word_1_342' title='bbox 172 2700 223 2735; x_wconf 85' lang='lat' dir='ltr'><strong>nrm</strong></span> <span class='ocrx_word' id='word_1_343' title='bbox 234 2686 377 2750; x_wconf 87' lang='lat' dir='ltr'><strong>utriusque</strong></span> <span class='ocrx_word' id='word_1_344' title='bbox 389 2687 478 2751; x_wconf 87' lang='lat' dir='ltr'><strong>partis</strong></span> <span class='ocrx_word' id='word_1_345' title='bbox 490 2686 561 2736; x_wconf 89' lang='lat' dir='ltr'><strong>hune</strong></span> <span class='ocrx_word' id='word_1_346' title='bbox 574 2686 677 2736; x_wconf 85' lang='lat' dir='ltr'><strong>Maium</strong></span> <span class='ocrx_word' id='word_1_347' title='bbox 688 2693 850 2752; x_wconf 85' lang='lat' dir='ltr'><strong>sequentem</strong></span> <span class='ocrx_word' id='word_1_348' title='bbox 862 2689 967 2736; x_wconf 89' lang='lat' dir='ltr'><strong>Iunium</strong></span> <span class='ocrx_word' id='word_1_349' title='bbox 980 2703 1100 2736; x_wconf 89' lang='lat' dir='ltr'><strong>mensem</strong></span> <span class='ocrx_word' id='word_1_350' title='bbox 1113 2700 1238 2735; x_wconf 89' lang='lat' dir='ltr'><strong>uocasee.</strong></span> <span class='ocrx_word' id='word_1_351' title='bbox 1271 2684 1311 2732; x_wconf 90' lang='lat' dir='ltr'><strong>l&#39;l.</strong></span> 
     </span>
     <span class='ocr_line' id='line_1_35' title="bbox 172 2754 1311 2820; baseline -0.001 -18"><span class='ocrx_word' id='word_1_352' title='bbox 172 2762 230 2803; x_wconf 82' lang='lat' dir='ltr'><strong>runt</strong></span> <span class='ocrx_word' id='word_1_353' title='bbox 247 2754 294 2820; x_wconf 90' lang='lat' dir='ltr'><strong>qui</strong></span> <span class='ocrx_word' id='word_1_354' title='bbox 306 2754 380 2803; x_wconf 85' lang='lat' dir='ltr'><strong>buno</strong></span> <span class='ocrx_word' id='word_1_355' title='bbox 391 2769 514 2803; x_wconf 85' lang='lat' dir='ltr'><strong>mensem</strong></span> <span class='ocrx_word' id='word_1_356' title='bbox 526 2754 561 2803; x_wconf 87' lang='lat' dir='ltr'><strong>ad</strong></span> <span class='ocrx_word' id='word_1_357' title='bbox 574 2760 682 2804; x_wconf 84' lang='lat' dir='ltr'><strong>nostros</strong></span> <span class='ocrx_word' id='word_1_358' title='bbox 695 2754 782 2804; x_wconf 78' lang='lat' dir='ltr'><strong>fastos</strong></span> <span class='ocrx_word' id='word_1_359' title='bbox 798 2771 815 2805; x_wconf 87' lang='lat' dir='ltr'><strong>a</strong></span> <span class='ocrx_word' id='word_1_360' title='bbox 826 2755 991 2805; x_wconf 74' lang='lat' dir='ltr'><strong>Tusculanis</strong></span> <span class='ocrx_word' id='word_1_361' title='bbox 1003 2755 1136 2804; x_wconf 78' lang='lat' dir='ltr'><strong>transisse</strong></span> <span class='ocrx_word' id='word_1_362' title='bbox 1150 2768 1311 2803; x_wconf 87' lang='lat' dir='ltr'><strong>commemo-</strong></span> 
     </span>
     <span class='ocr_line' id='line_1_36' title="bbox 172 2821 1312 2888; baseline -0.001 -19"><span class='ocrx_word' id='word_1_363' title='bbox 172 2830 236 2877; x_wconf 81' lang='lat' dir='ltr'><strong>rent,</strong></span> <span class='ocrx_word' id='word_1_364' title='bbox 250 2822 324 2887; x_wconf 91' lang='lat' dir='ltr'><strong>apud</strong></span> <span class='ocrx_word' id='word_1_365' title='bbox 337 2837 405 2886; x_wconf 89' lang='lat' dir='ltr'><strong>quos</strong></span> <span class='ocrx_word' id='word_1_366' title='bbox 417 2837 490 2871; x_wconf 89' lang='lat' dir='ltr'><strong>nunc</strong></span> <span class='ocrx_word' id='word_1_367' title='bbox 503 2837 608 2886; x_wconf 89' lang='lat' dir='ltr'><strong>quoque</strong></span> <span class='ocrx_word' id='word_1_368' title='bbox 621 2828 737 2872; x_wconf 89' lang='lat' dir='ltr'><strong>uocatur</strong></span> <span class='ocrx_word' id='word_1_369' title='bbox 748 2823 815 2872; x_wconf 87' lang='lat' dir='ltr'><strong>deus</strong></span> <span class='ocrx_word' id='word_1_370' title='bbox 828 2824 918 2872; x_wconf 86' lang='lat' dir='ltr'><strong>Maius</strong></span> <span class='ocrx_word' id='word_1_371' title='bbox 931 2824 975 2886; x_wconf 89' lang='lat' dir='ltr'><strong>qui</strong></span> <span class='ocrx_word' id='word_1_372' title='bbox 990 2828 1033 2871; x_wconf 90' lang='lat' dir='ltr'><strong>est</strong></span> <span class='ocrx_word' id='word_1_373' title='bbox 1044 2823 1160 2888; x_wconf 85' lang='lat' dir='ltr'><strong>Iupiter,</strong></span> <span class='ocrx_word' id='word_1_374' title='bbox 1177 2837 1194 2870; x_wconf 90' lang='lat' dir='ltr'><strong>a</strong></span> <span class='ocrx_word' id='word_1_375' title='bbox 1206 2821 1312 2883; x_wconf 68' lang='lat' dir='ltr'><strong>magni-</strong></span> 
     </span>
     <span class='ocr_line' id='line_1_37' title="bbox 172 2888 1313 2954; baseline 0.001 -17"><span class='ocrx_word' id='word_1_376' title='bbox 172 2890 261 2939; x_wconf 90' lang='lat' dir='ltr'><strong>tudine</strong></span> <span class='ocrx_word' id='word_1_377' title='bbox 274 2888 386 2939; x_wconf 88' lang='lat' dir='ltr'><strong>scilicet</strong></span> <span class='ocrx_word' id='word_1_378' title='bbox 398 2905 432 2939; x_wconf 88' lang='lat' dir='ltr'><strong>ae</strong></span> <span class='ocrx_word' id='word_1_379' title='bbox 443 2890 591 2939; x_wconf 86' lang='lat' dir='ltr'><strong>maiestate</strong></span> <span class='ocrx_word' id='word_1_380' title='bbox 604 2891 701 2939; x_wconf 88' lang='lat' dir='ltr'><strong>dictus.</strong></span> <span class='ocrx_word' id='word_1_381' title='bbox 717 2890 755 2940; x_wconf 77' lang='lat'><strong>18.</strong></span> <span class='ocrx_word' id='word_1_382' title='bbox 767 2891 877 2940; x_wconf 78' lang='lat' dir='ltr'><strong>Cincius</strong></span> <span class='ocrx_word' id='word_1_383' title='bbox 890 2907 1011 2940; x_wconf 84' lang='lat' dir='ltr'><strong>mensem</strong></span> <span class='ocrx_word' id='word_1_384' title='bbox 1024 2891 1192 2940; x_wconf 87' lang='lat' dir='ltr'><strong>nominatum</strong></span> <span class='ocrx_word' id='word_1_385' title='bbox 1205 2893 1284 2954; x_wconf 91' lang='lat' dir='ltr'><strong>putat</strong></span> <span class='ocrx_word' id='word_1_386' title='bbox 1296 2904 1313 2938; x_wconf 87' lang='lat' dir='ltr'><strong>a</strong></span> 
     </span>
     <span class='ocr_line' id='line_1_38' title="bbox 172 2955 1312 3023; baseline -0.004 -16"><span class='ocrx_word' id='word_1_387' title='bbox 172 2956 257 3015; x_wconf 71' lang='lat' dir='ltr'><strong>Maia,</strong></span> <span class='ocrx_word' id='word_1_388' title='bbox 271 2972 354 3021; x_wconf 87' lang='lat' dir='ltr'><strong>quam</strong></span> <span class='ocrx_word' id='word_1_389' title='bbox 366 2957 486 3006; x_wconf 81' lang='lat' dir='ltr'><strong>Vulcani</strong></span> <span class='ocrx_word' id='word_1_390' title='bbox 499 2958 567 3007; x_wconf 88' lang='lat' dir='ltr'><strong>dicit</strong></span> <span class='ocrx_word' id='word_1_391' title='bbox 578 2972 699 3021; x_wconf 81' lang='lat' dir='ltr'><strong>uxorem,</strong></span> <span class='ocrx_word' id='word_1_392' title='bbox 713 2964 928 3023; x_wconf 78' lang='lat' dir='ltr'><strong>argumentoque</strong></span> <span class='ocrx_word' id='word_1_393' title='bbox 941 2959 1038 3019; x_wconf 86' lang='lat' dir='ltr'><strong>utitur,</strong></span> <span class='ocrx_word' id='word_1_394' title='bbox 1052 2959 1122 3023; x_wconf 90' lang='lat' dir='ltr'><strong>quod</strong></span> <span class='ocrx_word' id='word_1_395' title='bbox 1135 2959 1235 3007; x_wconf 88' lang='lat' dir='ltr'><strong>flamen</strong></span> <span class='ocrx_word' id='word_1_396' title='bbox 1248 2955 1312 3004; x_wconf 85' lang='lat' dir='ltr'><strong>Vul-</strong></span> 
     </span>
     <span class='ocr_line' id='line_1_39' title="bbox 172 3024 1313 3076; baseline -0.004 -1"><span class='ocrx_word' id='word_1_397' title='bbox 172 3026 274 3075; x_wconf 82' lang='lat' dir='ltr'><strong>esnslis</strong></span> <span class='ocrx_word' id='word_1_398' title='bbox 291 3024 427 3074; x_wconf 83' lang='lat' dir='ltr'><strong>Kalendis</strong></span> <span class='ocrx_word' id='word_1_399' title='bbox 445 3024 526 3074; x_wconf 88' lang='lat' dir='ltr'><strong>Maiis</strong></span> <span class='ocrx_word' id='word_1_400' title='bbox 544 3026 607 3075; x_wconf 86' lang='lat' dir='ltr'><strong>huic</strong></span> <span class='ocrx_word' id='word_1_401' title='bbox 630 3025 700 3075; x_wconf 85' lang='lat' dir='ltr'><strong>deae</strong></span> <span class='ocrx_word' id='word_1_402' title='bbox 723 3042 779 3076; x_wconf 91' lang='lat' dir='ltr'><strong>rem</strong></span> <span class='ocrx_word' id='word_1_403' title='bbox 802 3026 924 3074; x_wconf 87' lang='lat' dir='ltr'><strong>‹liuinarn</strong></span> <span class='ocrx_word' id='word_1_404' title='bbox 943 3026 1025 3074; x_wconf 84' lang='lat' dir='ltr'><strong>facit:</strong></span> <span class='ocrx_word' id='word_1_405' title='bbox 1049 3027 1098 3075; x_wconf 86' lang='lat' dir='ltr'><strong>sed</strong></span> <span class='ocrx_word' id='word_1_406' title='bbox 1119 3027 1184 3075; x_wconf 85' lang='lat' dir='ltr'><strong>Piso</strong></span> <span class='ocrx_word' id='word_1_407' title='bbox 1202 3040 1313 3074; x_wconf 83' lang='lat' dir='ltr'><strong>uxorem</strong></span> 
     </span>
     <span class='ocr_line' id='line_1_40' title="bbox 171 3092 1313 3143; baseline -0.001 -3"><span class='ocrx_word' id='word_1_408' title='bbox 171 3092 286 3143; x_wconf 82' lang='lat' dir='ltr'><strong>l’slcani</strong></span> <span class='ocrx_word' id='word_1_409' title='bbox 295 3093 444 3142; x_wconf 77' lang='lat' dir='ltr'><strong>Maiestam</strong></span> <span class='ocrx_word' id='word_1_410' title='bbox 455 3107 510 3142; x_wconf 91' lang='lat' dir='ltr'><strong>non</strong></span> <span class='ocrx_word' id='word_1_411' title='bbox 519 3094 624 3143; x_wconf 85' lang='lat' dir='ltr'><strong>Maiam</strong></span> <span class='ocrx_word' id='word_1_412' title='bbox 637 3094 704 3142; x_wconf 86' lang='lat' dir='ltr'><strong>dicit</strong></span> <span class='ocrx_word' id='word_1_413' title='bbox 714 3093 818 3143; x_wconf 87' lang='lat' dir='ltr'><strong>uocari.</strong></span> <span class='ocrx_word' id='word_1_414' title='bbox 839 3093 877 3142; x_wconf 80' lang='lat' dir='ltr'><strong>lu.</strong></span> <span class='ocrx_word' id='word_1_415' title='bbox 889 3094 1057 3143; x_wconf 89' lang='lat' dir='ltr'><strong>contendunt</strong></span> <span class='ocrx_word' id='word_1_416' title='bbox 1070 3094 1117 3142; x_wconf 91' lang='lat' dir='ltr'><strong>alii</strong></span> <span class='ocrx_word' id='word_1_417' title='bbox 1129 3094 1232 3142; x_wconf 86' lang='lat' dir='ltr'><strong>Maiam</strong></span> <span class='ocrx_word' id='word_1_418' title='bbox 1242 3092 1313 3140; x_wconf 85' lang='lat' dir='ltr'><strong>Mer-</strong></span> 
     </span>
     <span class='ocr_line' id='line_1_41' title="bbox 172 3160 1313 3225; baseline -0.003 -16"><span class='ocrx_word' id='word_1_419' title='bbox 172 3162 234 3210; x_wconf 85' lang='lat' dir='ltr'><strong>curii</strong></span> <span class='ocrx_word' id='word_1_420' title='bbox 247 3168 365 3210; x_wconf 86' lang='lat' dir='ltr'><strong>matrem</strong></span> <span class='ocrx_word' id='word_1_421' title='bbox 375 3160 462 3209; x_wconf 88' lang='lat' dir='ltr'><strong>mensi</strong></span> <span class='ocrx_word' id='word_1_422' title='bbox 475 3175 573 3211; x_wconf 86' lang='lat' dir='ltr'><strong>nomen</strong></span> <span class='ocrx_word' id='word_1_423' title='bbox 582 3161 702 3224; x_wconf 88' lang='lat' dir='ltr'><strong>dedisse,</strong></span> <span class='ocrx_word' id='word_1_424' title='bbox 715 3161 779 3210; x_wconf 92' lang='lat' dir='ltr'><strong>hinc</strong></span> <span class='ocrx_word' id='word_1_425' title='bbox 789 3162 907 3211; x_wconf 85' lang='lat' dir='ltr'><strong>maximo</strong></span> <span class='ocrx_word' id='word_1_426' title='bbox 917 3160 1067 3225; x_wconf 88' lang='lat' dir='ltr'><strong>probantes</strong></span> <span class='ocrx_word' id='word_1_427' title='bbox 1077 3162 1146 3225; x_wconf 87' lang='lat' dir='ltr'><strong>qnod</strong></span> <span class='ocrx_word' id='word_1_428' title='bbox 1156 3160 1208 3208; x_wconf 86' lang='lat' dir='ltr'><strong>hoe</strong></span> <span class='ocrx_word' id='word_1_429' title='bbox 1219 3174 1313 3208; x_wconf 81' lang='lat' dir='ltr'><strong>mense</strong></span> 
     </span>
     <span class='ocr_line' id='line_1_42' title="bbox 172 3226 1313 3294; baseline -0.001 -18"><span class='ocrx_word' id='word_1_430' title='bbox 172 3234 336 3279; x_wconf 79' lang='lat' dir='ltr'><strong>mercatores</strong></span> <span class='ocrx_word' id='word_1_431' title='bbox 346 3226 540 3278; x_wconf 81' lang='lat' dir='ltr'><strong>omnesllaiae</strong></span> <span class='ocrx_word' id='word_1_432' title='bbox 550 3229 654 3294; x_wconf 89' lang='lat' dir='ltr'><strong>pariter</strong></span> <span class='ocrx_word' id='word_1_433' title='bbox 663 3229 854 3292; x_wconf 87' lang='lat' dir='ltr'><strong>Mercurioque</strong></span> <span class='ocrx_word' id='word_1_434' title='bbox 864 3228 1031 3277; x_wconf 83' lang='lat' dir='ltr'><strong>sacrificant.</strong></span> <span class='ocrx_word' id='word_1_435' title='bbox 1045 3228 1087 3277; x_wconf 73' lang='lat'><strong>20.</strong></span> <span class='ocrx_word' id='word_1_436' title='bbox 1101 3229 1246 3277; x_wconf 89' lang='lat' dir='ltr'><strong>adtirmant</strong></span> <span class='ocrx_word' id='word_1_437' title='bbox 1256 3227 1313 3291; x_wconf 85' lang='lat' dir='ltr'><strong>qui-</strong></span> 
     </span>
     <span class='ocr_line' id='line_1_43' title="bbox 172 3294 1314 3361; baseline -0.001 -18"><span class='ocrx_word' id='word_1_438' title='bbox 172 3295 243 3353; x_wconf 83' lang='lat' dir='ltr'><strong>dam.</strong></span> <span class='ocrx_word' id='word_1_439' title='bbox 268 3296 368 3361; x_wconf 90' lang='lat' dir='ltr'><strong>quibus</strong></span> <span class='ocrx_word' id='word_1_440' title='bbox 387 3294 531 3345; x_wconf 83' lang='lat' dir='ltr'><strong>Cornelius</strong></span> <span class='ocrx_word' id='word_1_441' title='bbox 554 3296 650 3347; x_wconf 85' lang='lat' dir='ltr'><strong>Labeo</strong></span> <span class='ocrx_word' id='word_1_442' title='bbox 674 3298 825 3359; x_wconf 85' lang='lat' dir='ltr'><strong>consentit,</strong></span> <span class='ocrx_word' id='word_1_443' title='bbox 848 3296 919 3346; x_wconf 89' lang='lat' dir='ltr'><strong>hane</strong></span> <span class='ocrx_word' id='word_1_444' title='bbox 937 3297 1041 3346; x_wconf 89' lang='lat' dir='ltr'><strong>Maiam</strong></span> <span class='ocrx_word' id='word_1_445' title='bbox 1058 3297 1102 3345; x_wconf 88' lang='lat' dir='ltr'><strong>cui</strong></span> <span class='ocrx_word' id='word_1_446' title='bbox 1126 3311 1221 3344; x_wconf 85' lang='lat' dir='ltr'><strong>mense</strong></span> <span class='ocrx_word' id='word_1_447' title='bbox 1239 3295 1314 3343; x_wconf 89' lang='lat' dir='ltr'><strong>Maio</strong></span> 
     </span>
     <span class='ocr_line' id='line_1_44' title="bbox 173 3363 1316 3429; baseline 0 -18"><span class='ocrx_word' id='word_1_448' title='bbox 173 3364 317 3414; x_wconf 81' lang='lat' dir='ltr'><strong>reediviua</strong></span> <span class='ocrx_word' id='word_1_449' title='bbox 329 3363 488 3414; x_wconf 84' lang='lat' dir='ltr'><strong>celebretur</strong></span> <span class='ocrx_word' id='word_1_450' title='bbox 499 3370 601 3413; x_wconf 87' lang='lat' dir='ltr'><strong>terram</strong></span> <span class='ocrx_word' id='word_1_451' title='bbox 612 3380 673 3414; x_wconf 85' lang='lat' dir='ltr'><strong>esse</strong></span> <span class='ocrx_word' id='word_1_452' title='bbox 686 3364 739 3414; x_wconf 89' lang='lat' dir='ltr'><strong>hoc</strong></span> <span class='ocrx_word' id='word_1_453' title='bbox 752 3365 880 3429; x_wconf 87' lang='lat' dir='ltr'><strong>adeptam</strong></span> <span class='ocrx_word' id='word_1_454' title='bbox 893 3378 992 3414; x_wconf 87' lang='lat' dir='ltr'><strong>nomen</strong></span> <span class='ocrx_word' id='word_1_455' title='bbox 1007 3380 1023 3413; x_wconf 94' lang='lat' dir='ltr'><strong>a</strong></span> <span class='ocrx_word' id='word_1_456' title='bbox 1036 3364 1233 3425; x_wconf 64' lang='lat' dir='ltr'><strong>magnitudine,</strong></span> <span class='ocrx_word' id='word_1_457' title='bbox 1244 3363 1316 3411; x_wconf 85' lang='lat' dir='ltr'><strong>sicut</strong></span> 
     </span>
     <span class='ocr_line' id='line_1_45' title="bbox 174 3431 1314 3497; baseline -0.001 -17"><span class='ocrx_word' id='word_1_458' title='bbox 174 3436 198 3480; x_wconf 88' lang='lat' dir='ltr'><strong>et</strong></span> <span class='ocrx_word' id='word_1_459' title='bbox 212 3434 304 3482; x_wconf 84' lang='lat' dir='ltr'><strong>Mater</strong></span> <span class='ocrx_word' id='word_1_460' title='bbox 320 3432 425 3497; x_wconf 74' lang='lat' dir='ltr'><strong>Magna</strong></span> <span class='ocrx_word' id='word_1_461' title='bbox 447 3431 475 3480; x_wconf 90' lang='lat' dir='ltr'><strong>in</strong></span> <span class='ocrx_word' id='word_1_462' title='bbox 498 3431 585 3481; x_wconf 84' lang='lat' dir='ltr'><strong>sacris</strong></span> <span class='ocrx_word' id='word_1_463' title='bbox 604 3438 733 3481; x_wconf 85' lang='lat' dir='ltr'><strong>uocatur:</strong></span> <span class='ocrx_word' id='word_1_464' title='bbox 759 3432 998 3496; x_wconf 89' lang='lat' dir='ltr'><strong>adsertionemque</strong></span> <span class='ocrx_word' id='word_1_465' title='bbox 1023 3431 1224 3481; x_wconf 77' lang='lat' dir='ltr'><strong>aestimationis</strong></span> <span class='ocrx_word' id='word_1_466' title='bbox 1247 3446 1314 3479; x_wconf 82' lang='lat' dir='ltr'><strong>errae</strong></span> 
     </span>
     <span class='ocr_line' id='line_1_46' title="bbox 173 3498 1315 3565; baseline -0.001 -18"><span class='ocrx_word' id='word_1_467' title='bbox 173 3500 251 3549; x_wconf 88' lang='lat' dir='ltr'><strong>etiam</strong></span> <span class='ocrx_word' id='word_1_468' title='bbox 268 3499 335 3548; x_wconf 87' lang='lat' dir='ltr'><strong>binc</strong></span> <span class='ocrx_word' id='word_1_469' title='bbox 353 3498 487 3564; x_wconf 79' lang='lat' dir='ltr'><strong>colligrmt</strong></span> <span class='ocrx_word' id='word_1_470' title='bbox 504 3499 575 3564; x_wconf 93' lang='lat' dir='ltr'><strong>quod</strong></span> <span class='ocrx_word' id='word_1_471' title='bbox 592 3515 638 3549; x_wconf 77' lang='lat' dir='ltr'><strong>arcs</strong></span> <span class='ocrx_word' id='word_1_472' title='bbox 650 3515 807 3565; x_wconf 83' lang='lat' dir='ltr'><strong>praegnans</strong></span> <span class='ocrx_word' id='word_1_473' title='bbox 821 3500 846 3549; x_wconf 88' lang='lat' dir='ltr'><strong>ci</strong></span> <span class='ocrx_word' id='word_1_474' title='bbox 859 3506 1004 3561; x_wconf 85' lang='lat' dir='ltr'><strong>mactatur,</strong></span> <span class='ocrx_word' id='word_1_475' title='bbox 1019 3515 1089 3564; x_wconf 87' lang='lat' dir='ltr'><strong>quae</strong></span> <span class='ocrx_word' id='word_1_476' title='bbox 1101 3499 1192 3549; x_wconf 83' lang='lat' dir='ltr'><strong>boetia</strong></span> <span class='ocrx_word' id='word_1_477' title='bbox 1205 3498 1315 3564; x_wconf 88' lang='lat' dir='ltr'><strong>propria</strong></span> 
     </span>
     <span class='ocr_line' id='line_1_47' title="bbox 174 3566 1316 3633; baseline -0.001 -18"><span class='ocrx_word' id='word_1_478' title='bbox 174 3576 210 3615; x_wconf 76' lang='lat' dir='ltr'><strong>est</strong></span> <span class='ocrx_word' id='word_1_479' title='bbox 222 3576 324 3617; x_wconf 86' lang='lat' dir='ltr'><strong>terrae:</strong></span> <span class='ocrx_word' id='word_1_480' title='bbox 339 3570 368 3616; x_wconf 88' lang='lat' dir='ltr'><strong>et</strong></span> <span class='ocrx_word' id='word_1_481' title='bbox 378 3567 544 3616; x_wconf 81' lang='lat' dir='ltr'><strong>Mercurium</strong></span> <span class='ocrx_word' id='word_1_482' title='bbox 556 3567 618 3616; x_wconf 87' lang='lat' dir='ltr'><strong>idco</strong></span> <span class='ocrx_word' id='word_1_483' title='bbox 629 3567 668 3616; x_wconf 91' lang='lat' dir='ltr'><strong>illi</strong></span> <span class='ocrx_word' id='word_1_484' title='bbox 679 3568 707 3616; x_wconf 90' lang='lat' dir='ltr'><strong>in</strong></span> <span class='ocrx_word' id='word_1_485' title='bbox 717 3569 804 3617; x_wconf 85' lang='lat' dir='ltr'><strong>sacris</strong></span> <span class='ocrx_word' id='word_1_486' title='bbox 815 3567 927 3633; x_wconf 81' lang='lat' dir='ltr'><strong>adiungi</strong></span> <span class='ocrx_word' id='word_1_487' title='bbox 937 3569 1039 3627; x_wconf 80' lang='lat' dir='ltr'><strong>dicunt,</strong></span> <span class='ocrx_word' id='word_1_488' title='bbox 1054 3568 1117 3631; x_wconf 90' lang='lat' dir='ltr'><strong>quia</strong></span> <span class='ocrx_word' id='word_1_489' title='bbox 1127 3582 1179 3616; x_wconf 90' lang='lat' dir='ltr'><strong>uox</strong></span> <span class='ocrx_word' id='word_1_490' title='bbox 1189 3566 1316 3615; x_wconf 89' lang='lat' dir='ltr'><strong>nascenti</strong></span> 
     </span>
     <span class='ocr_line' id='line_1_48' title="bbox 174 3633 1317 3696; baseline 0.001 -15"><span class='ocrx_word' id='word_1_491' title='bbox 174 3633 270 3684; x_wconf 87' lang='lat' dir='ltr'><strong>bomini</strong></span> <span class='ocrx_word' id='word_1_492' title='bbox 289 3640 383 3684; x_wconf 87' lang='lat' dir='ltr'><strong>terrae</strong></span> <span class='ocrx_word' id='word_1_493' title='bbox 401 3638 531 3683; x_wconf 87' lang='lat' dir='ltr'><strong>contactu</strong></span> <span class='ocrx_word' id='word_1_494' title='bbox 543 3635 638 3696; x_wconf 89' lang='lat' dir='ltr'><strong>datur,</strong></span> <span class='ocrx_word' id='word_1_495' title='bbox 659 3636 759 3684; x_wconf 88' lang='lat' dir='ltr'><strong>scimus</strong></span> <span class='ocrx_word' id='word_1_496' title='bbox 774 3642 865 3685; x_wconf 71' lang='lat' dir='ltr'><strong>aretem</strong></span> <span class='ocrx_word' id='word_1_497' title='bbox 877 3637 1041 3685; x_wconf 83' lang='lat' dir='ltr'><strong>Mercurium</strong></span> <span class='ocrx_word' id='word_1_498' title='bbox 1053 3636 1130 3684; x_wconf 90' lang='lat' dir='ltr'><strong>uocis</strong></span> <span class='ocrx_word' id='word_1_499' title='bbox 1144 3640 1172 3684; x_wconf 90' lang='lat' dir='ltr'><strong>et</strong></span> <span class='ocrx_word' id='word_1_500' title='bbox 1183 3633 1317 3684; x_wconf 81' lang='lat' dir='ltr'><strong>sermonis</strong></span> 
     </span>
     <span class='ocr_line' id='line_1_49' title="bbox 174 3701 1317 3765; baseline -0.002 -14"><span class='ocrx_word' id='word_1_501' title='bbox 174 3708 319 3765; x_wconf 80' lang='lat' dir='ltr'><strong>potentem</strong></span> <span class='ocrx_word' id='word_1_502' title='bbox 345 3701 387 3750; x_wconf 73' lang='lat'><strong>21.</strong></span> <span class='ocrx_word' id='word_1_503' title='bbox 404 3707 500 3750; x_wconf 87' lang='lat' dir='ltr'><strong>auctor</strong></span> <span class='ocrx_word' id='word_1_504' title='bbox 512 3707 555 3751; x_wconf 88' lang='lat' dir='ltr'><strong>est</strong></span> <span class='ocrx_word' id='word_1_505' title='bbox 567 3702 711 3751; x_wconf 82' lang='lat' dir='ltr'><strong>Cornelius</strong></span> <span class='ocrx_word' id='word_1_506' title='bbox 724 3703 819 3751; x_wconf 81' lang='lat' dir='ltr'><strong>Labeo</strong></span> <span class='ocrx_word' id='word_1_507' title='bbox 831 3703 895 3753; x_wconf 85' lang='lat' dir='ltr'><strong>huic</strong></span> <span class='ocrx_word' id='word_1_508' title='bbox 907 3703 1000 3752; x_wconf 87' lang='lat' dir='ltr'><strong>Maiae</strong></span> <span class='ocrx_word' id='word_1_509' title='bbox 1018 3704 1045 3752; x_wconf 89' lang='lat' dir='ltr'><strong>id</strong></span> <span class='ocrx_word' id='word_1_510' title='bbox 1058 3709 1101 3753; x_wconf 87' lang='lat' dir='ltr'><strong>est</strong></span> <span class='ocrx_word' id='word_1_511' title='bbox 1115 3707 1206 3752; x_wconf 88' lang='lat' dir='ltr'><strong>terrae</strong></span> <span class='ocrx_word' id='word_1_512' title='bbox 1221 3701 1317 3750; x_wconf 89' lang='lat' dir='ltr'><strong>aedem</strong></span> 
     </span>
     <span class='ocr_line' id='line_1_50' title="bbox 175 3769 1317 3821; baseline -0.002 -2"><span class='ocrx_word' id='word_1_513' title='bbox 175 3770 302 3821; x_wconf 84' lang='lat' dir='ltr'><strong>llsleudia</strong></span> <span class='ocrx_word' id='word_1_514' title='bbox 313 3770 397 3818; x_wconf 87' lang='lat' dir='ltr'><strong>Maiis</strong></span> <span class='ocrx_word' id='word_1_515' title='bbox 409 3769 565 3819; x_wconf 83' lang='lat' dir='ltr'><strong>dedicatam</strong></span> <span class='ocrx_word' id='word_1_516' title='bbox 579 3771 628 3820; x_wconf 86' lang='lat' dir='ltr'><strong>sub</strong></span> <span class='ocrx_word' id='word_1_517' title='bbox 639 3771 748 3820; x_wconf 91' lang='lat' dir='ltr'><strong>nomine</strong></span> <span class='ocrx_word' id='word_1_518' title='bbox 761 3772 856 3819; x_wconf 83' lang='lat' dir='ltr'><strong>Bonae</strong></span> <span class='ocrx_word' id='word_1_519' title='bbox 867 3771 959 3821; x_wconf 75' lang='lat' dir='ltr'><strong>inae:</strong></span> <span class='ocrx_word' id='word_1_520' title='bbox 974 3776 1001 3820; x_wconf 90' lang='lat' dir='ltr'><strong>et</strong></span> <span class='ocrx_word' id='word_1_521' title='bbox 1015 3771 1130 3821; x_wconf 88' lang='lat' dir='ltr'><strong>eandem</strong></span> <span class='ocrx_word' id='word_1_522' title='bbox 1140 3785 1201 3821; x_wconf 86' lang='lat' dir='ltr'><strong>esse</strong></span> <span class='ocrx_word' id='word_1_523' title='bbox 1212 3771 1317 3818; x_wconf 88' lang='lat' dir='ltr'><strong>Bonam</strong></span> 
     </span>
     <span class='ocr_line' id='line_1_51' title="bbox 174 3836 1317 3904; baseline -0.003 -18"><span class='ocrx_word' id='word_1_524' title='bbox 174 3836 257 3888; x_wconf 86' lang='lat' dir='ltr'><strong>Ileam</strong></span> <span class='ocrx_word' id='word_1_525' title='bbox 271 3843 301 3888; x_wconf 91' lang='lat' dir='ltr'><strong>et</strong></span> <span class='ocrx_word' id='word_1_526' title='bbox 314 3842 417 3887; x_wconf 87' lang='lat' dir='ltr'><strong>terram</strong></span> <span class='ocrx_word' id='word_1_527' title='bbox 433 3852 467 3886; x_wconf 82' lang='lat' dir='ltr'><strong>ex</strong></span> <span class='ocrx_word' id='word_1_528' title='bbox 480 3837 539 3901; x_wconf 85' lang='lat' dir='ltr'><strong>ipso</strong></span> <span class='ocrx_word' id='word_1_529' title='bbox 558 3839 610 3886; x_wconf 89' lang='lat' dir='ltr'><strong>ritu</strong></span> <span class='ocrx_word' id='word_1_530' title='bbox 629 3839 778 3887; x_wconf 86' lang='lat' dir='ltr'><strong>occultiore</strong></span> <span class='ocrx_word' id='word_1_531' title='bbox 792 3854 930 3887; x_wconf 84' lang='lat' dir='ltr'><strong>sacrorum</strong></span> <span class='ocrx_word' id='word_1_532' title='bbox 948 3839 1040 3888; x_wconf 86' lang='lat' dir='ltr'><strong>doceri</strong></span> <span class='ocrx_word' id='word_1_533' title='bbox 1062 3854 1142 3904; x_wconf 88' lang='lat' dir='ltr'><strong>posse</strong></span> <span class='ocrx_word' id='word_1_534' title='bbox 1161 3837 1317 3887; x_wconf 87' lang='lat' dir='ltr'><strong>confirmat:</strong></span> 
     </span>
     <span class='ocr_line' id='line_1_52' title="bbox 175 3903 1317 3971; baseline -0.004 -16"><span class='ocrx_word' id='word_1_535' title='bbox 175 3903 239 3956; x_wconf 77' lang='lat' dir='ltr'><strong>bene</strong></span> <span class='ocrx_word' id='word_1_536' title='bbox 252 3905 485 3956; x_wconf 81' lang='lat' dir='ltr'><strong>eandemllouam</strong></span> <span class='ocrx_word' id='word_1_537' title='bbox 495 3906 672 3970; x_wconf 80' lang='lat' dir='ltr'><strong>Faunumque.</strong></span> <span class='ocrx_word' id='word_1_538' title='bbox 684 3909 806 3970; x_wconf 84' lang='lat' dir='ltr'><strong>ettlpcm</strong></span> <span class='ocrx_word' id='word_1_539' title='bbox 820 3911 848 3955; x_wconf 89' lang='lat' dir='ltr'><strong>et</strong></span> <span class='ocrx_word' id='word_1_540' title='bbox 860 3906 978 3956; x_wconf 83' lang='lat' dir='ltr'><strong>Famam</strong></span> <span class='ocrx_word' id='word_1_541' title='bbox 987 3906 1144 3971; x_wconf 86' lang='lat' dir='ltr'><strong>pontificum</strong></span> <span class='ocrx_word' id='word_1_542' title='bbox 1157 3905 1236 3954; x_wconf 91' lang='lat' dir='ltr'><strong>libris</strong></span> <span class='ocrx_word' id='word_1_543' title='bbox 1249 3903 1317 3953; x_wconf 84' lang='lat' dir='ltr'><strong>indi·</strong></span> 
     </span>
     <span class='ocr_line' id='line_1_53' title="bbox 177 3971 1317 4036; baseline -0.004 -13"><span class='ocrx_word' id='word_1_544' title='bbox 177 3973 265 4031; x_wconf 67' lang='lat' dir='ltr'><strong>sitati:</strong></span> <span class='ocrx_word' id='word_1_545' title='bbox 278 3974 321 4022; x_wconf 75' lang='lat'><strong>2⁶2.</strong></span> <span class='ocrx_word' id='word_1_546' title='bbox 335 3974 443 4022; x_wconf 83' lang='lat' dir='ltr'><strong>Bonam</strong></span> <span class='ocrx_word' id='word_1_547' title='bbox 458 3972 528 4036; x_wconf 91' lang='lat' dir='ltr'><strong>qnod</strong></span> <span class='ocrx_word' id='word_1_548' title='bbox 541 3973 658 4022; x_wconf 91' lang='lat' dir='ltr'><strong>omnium</strong></span> <span class='ocrx_word' id='word_1_549' title='bbox 671 3974 750 4022; x_wconf 89' lang='lat' dir='ltr'><strong>nobis</strong></span> <span class='ocrx_word' id='word_1_550' title='bbox 764 3973 797 4022; x_wconf 88' lang='lat' dir='ltr'><strong>ad</strong></span> <span class='ocrx_word' id='word_1_551' title='bbox 810 3973 913 4023; x_wconf 88' lang='lat' dir='ltr'><strong>uictum</strong></span> <span class='ocrx_word' id='word_1_552' title='bbox 926 3974 1057 4023; x_wconf 81' lang='lat' dir='ltr'><strong>bonorum</strong></span> <span class='ocrx_word' id='word_1_553' title='bbox 1070 3989 1155 4024; x_wconf 72' lang='lat' dir='ltr'><strong>caum</strong></span> <span class='ocrx_word' id='word_1_554' title='bbox 1168 3977 1223 4021; x_wconf 89' lang='lat' dir='ltr'><strong>est:</strong></span> <span class='ocrx_word' id='word_1_555' title='bbox 1246 3971 1317 4019; x_wconf 71' lang='lat' dir='ltr'><strong>l&#39;au·</strong></span> 
     </span>
     <span class='ocr_line' id='line_1_54' title="bbox 177 4039 1317 4106; baseline -0.003 -18"><span class='ocrx_word' id='word_1_556' title='bbox 177 4054 232 4091; x_wconf 82' lang='lat' dir='ltr'><strong>nam</strong></span> <span class='ocrx_word' id='word_1_557' title='bbox 245 4041 316 4106; x_wconf 89' lang='lat' dir='ltr'><strong>quod</strong></span> <span class='ocrx_word' id='word_1_558' title='bbox 329 4040 405 4089; x_wconf 83' lang='lat' dir='ltr'><strong>onrni</strong></span> <span class='ocrx_word' id='word_1_559' title='bbox 417 4040 478 4088; x_wconf 89' lang='lat' dir='ltr'><strong>usui</strong></span> <span class='ocrx_word' id='word_1_560' title='bbox 492 4041 670 4090; x_wconf 87' lang='lat' dir='ltr'><strong>animantium</strong></span> <span class='ocrx_word' id='word_1_561' title='bbox 684 4041 774 4090; x_wconf 82' lang='lat' dir='ltr'><strong>fauet:</strong></span> <span class='ocrx_word' id='word_1_562' title='bbox 788 4042 874 4106; x_wconf 82' lang='lat' dir='ltr'><strong>Opem</strong></span> <span class='ocrx_word' id='word_1_563' title='bbox 889 4042 958 4105; x_wconf 86' lang='lat' dir='ltr'><strong>quod</strong></span> <span class='ocrx_word' id='word_1_564' title='bbox 971 4043 1057 4106; x_wconf 84' lang='lat' dir='ltr'><strong>ipsius</strong></span> <span class='ocrx_word' id='word_1_565' title='bbox 1069 4041 1170 4091; x_wconf 75' lang='lat' dir='ltr'><strong>erisilio</strong></span> <span class='ocrx_word' id='word_1_566' title='bbox 1183 4039 1241 4087; x_wconf 87' lang='lat' dir='ltr'><strong>vita</strong></span> <span class='ocrx_word' id='word_1_567' title='bbox 1255 4051 1317 4086; x_wconf 90' lang='lat' dir='ltr'><strong>cou-</strong></span> 
     </span>
     <span class='ocr_line' id='line_1_55' title="bbox 177 4104 1318 4174; baseline -0.008 -15"><span class='ocrx_word' id='word_1_568' title='bbox 177 4112 238 4159; x_wconf 76' lang='lat' dir='ltr'><strong>rtet:</strong></span> <span class='ocrx_word' id='word_1_569' title='bbox 255 4109 375 4158; x_wconf 78' lang='lat' dir='ltr'><strong>l&#39;atuam</strong></span> <span class='ocrx_word' id='word_1_570' title='bbox 391 4123 408 4156; x_wconf 93' lang='lat' dir='ltr'><strong>a</strong></span> <span class='ocrx_word' id='word_1_571' title='bbox 422 4107 506 4156; x_wconf 82' lang='lat' dir='ltr'><strong>fando</strong></span> <span class='ocrx_word' id='word_1_572' title='bbox 519 4108 589 4171; x_wconf 89' lang='lat' dir='ltr'><strong>quod</strong></span> <span class='ocrx_word' id='word_1_573' title='bbox 602 4113 727 4173; x_wconf 88' lang='lat' dir='ltr'><strong>utsupra</strong></span> <span class='ocrx_word' id='word_1_574' title='bbox 740 4109 856 4158; x_wconf 81' lang='lat' dir='ltr'><strong>diximus</strong></span> <span class='ocrx_word' id='word_1_575' title='bbox 869 4109 992 4158; x_wconf 80' lang='lat' dir='ltr'><strong>infantes</strong></span> <span class='ocrx_word' id='word_1_576' title='bbox 1004 4116 1084 4174; x_wconf 88' lang='lat' dir='ltr'><strong>partu</strong></span> <span class='ocrx_word' id='word_1_577' title='bbox 1099 4108 1164 4157; x_wconf 86' lang='lat' dir='ltr'><strong>editi</strong></span> <span class='ocrx_word' id='word_1_578' title='bbox 1177 4122 1230 4155; x_wconf 87' lang='lat' dir='ltr'><strong>non</strong></span> <span class='ocrx_word' id='word_1_579' title='bbox 1244 4104 1318 4173; x_wconf 86' lang='lat' dir='ltr'><strong>priua</strong></span> 
     </span>
     <span class='ocr_line' id='line_1_56' title="bbox 177 4173 1319 4242; baseline -0.005 -19"><span class='ocrx_word' id='word_1_580' title='bbox 177 4188 263 4227; x_wconf 88' lang='lat' dir='ltr'><strong>uocem</strong></span> <span class='ocrx_word' id='word_1_581' title='bbox 277 4177 364 4227; x_wconf 88' lang='lat' dir='ltr'><strong>edunt</strong></span> <span class='ocrx_word' id='word_1_582' title='bbox 376 4190 458 4239; x_wconf 88' lang='lat' dir='ltr'><strong>qnam</strong></span> <span class='ocrx_word' id='word_1_583' title='bbox 472 4175 615 4240; x_wconf 80' lang='lat' dir='ltr'><strong>attigerint</strong></span> <span class='ocrx_word' id='word_1_584' title='bbox 628 4182 729 4225; x_wconf 87' lang='lat' dir='ltr'><strong>terram</strong></span> <span class='ocrx_word' id='word_1_585' title='bbox 741 4192 763 4225; x_wconf 86' lang='lat' dir='ltr'><strong>e.</strong></span> <span class='ocrx_word' id='word_1_586' title='bbox 779 4194 802 4242; x_wconf 83' lang='lat' dir='ltr'><strong>q.</strong></span> <span class='ocrx_word' id='word_1_587' title='bbox 816 4192 837 4226; x_wconf 80' lang='lat' dir='ltr'><strong>a.</strong></span> <span class='ocrx_word' id='word_1_588' title='bbox 854 4174 895 4224; x_wconf 75' lang='lat' dir='ltr'><strong>Ml.</strong></span> <span class='ocrx_word' id='word_1_589' title='bbox 910 4177 1002 4225; x_wconf 89' lang='lat' dir='ltr'><strong>lunius</strong></span> <span class='ocrx_word' id='word_1_590' title='bbox 1015 4177 1118 4225; x_wconf 86' lang='lat' dir='ltr'><strong>Maium</strong></span> <span class='ocrx_word' id='word_1_591' title='bbox 1136 4173 1259 4236; x_wconf 89' lang='lat' dir='ltr'><strong>sequitur</strong></span> <span class='ocrx_word' id='word_1_592' title='bbox 1271 4175 1319 4219; x_wconf 92' lang='lat' dir='ltr'><strong>aut</strong></span> 
     </span>
     <span class='ocr_line' id='line_1_57' title="bbox 179 4239 1317 4310; baseline -0.006 -19"><span class='ocrx_word' id='word_1_593' title='bbox 179 4257 205 4293; x_wconf 81' lang='lat' dir='ltr'><strong>er</strong></span> <span class='ocrx_word' id='word_1_594' title='bbox 221 4252 298 4309; x_wconf 84' lang='lat' dir='ltr'><strong>parte</strong></span> <span class='ocrx_word' id='word_1_595' title='bbox 322 4242 420 4310; x_wconf 91' lang='lat' dir='ltr'><strong>populi</strong></span> <span class='ocrx_word' id='word_1_596' title='bbox 443 4248 475 4291; x_wconf 91' lang='lat' dir='ltr'><strong>ut</strong></span> <span class='ocrx_word' id='word_1_597' title='bbox 495 4242 711 4308; x_wconf 76' lang='lat' dir='ltr'><strong>supradiximus</strong></span> <span class='ocrx_word' id='word_1_598' title='bbox 736 4247 892 4293; x_wconf 89' lang='lat' dir='ltr'><strong>nominatus</strong></span> <span class='ocrx_word' id='word_1_599' title='bbox 911 4251 958 4292; x_wconf 92' lang='lat' dir='ltr'><strong>aut</strong></span> <span class='ocrx_word' id='word_1_600' title='bbox 975 4248 1005 4292; x_wconf 91' lang='lat' dir='ltr'><strong>ut</strong></span> <span class='ocrx_word' id='word_1_601' title='bbox 1022 4244 1134 4292; x_wconf 88' lang='lat' dir='ltr'><strong>Cincius</strong></span> <span class='ocrx_word' id='word_1_602' title='bbox 1158 4239 1317 4295; x_wconf 85' lang='lat' dir='ltr'><strong>arbitratur,</strong></span> 
     </span>
     <span class='ocr_line' id='line_1_58' title="bbox 179 4306 1317 4381; baseline -0.008 -20"><span class='ocrx_word' id='word_1_603' title='bbox 179 4313 238 4374; x_wconf 82' lang='lat' dir='ltr'><strong>qnod</strong></span> <span class='ocrx_word' id='word_1_604' title='bbox 256 4313 391 4363; x_wconf 85' lang='lat' dir='ltr'><strong>Iunonius</strong></span> <span class='ocrx_word' id='word_1_605' title='bbox 410 4310 488 4381; x_wconf 70' lang='lat' dir='ltr'><strong>apud</strong></span> <span class='ocrx_word' id='word_1_606' title='bbox 501 4310 617 4361; x_wconf 87' lang='lat' dir='ltr'><strong>Latinos</strong></span> <span class='ocrx_word' id='word_1_607' title='bbox 640 4316 704 4359; x_wconf 91' lang='lat' dir='ltr'><strong>aute</strong></span> <span class='ocrx_word' id='word_1_608' title='bbox 726 4311 864 4360; x_wconf 88' lang='lat' dir='ltr'><strong>uocitatue</strong></span> <span class='ocrx_word' id='word_1_609' title='bbox 882 4311 981 4374; x_wconf 87' lang='lat' dir='ltr'><strong>diuque</strong></span> <span class='ocrx_word' id='word_1_610' title='bbox 1001 4310 1072 4375; x_wconf 90' lang='lat' dir='ltr'><strong>apud</strong></span> <span class='ocrx_word' id='word_1_611' title='bbox 1090 4307 1216 4357; x_wconf 87' lang='lat' dir='ltr'><strong>Aricinos</strong></span> <span class='ocrx_word' id='word_1_612' title='bbox 1233 4306 1317 4354; x_wconf 82' lang='lat' dir='ltr'><strong>l‘rae·</strong></span> 
     </span>
     <span class='ocr_line' id='line_1_59' title="bbox 179 4371 1318 4446; baseline -0.006 -21"><span class='ocrx_word' id='word_1_613' title='bbox 179 4381 345 4446; x_wconf 84' lang='lat' dir='ltr'><strong>nestinesque</strong></span> <span class='ocrx_word' id='word_1_614' title='bbox 364 4379 421 4429; x_wconf 84' lang='lat' dir='ltr'><strong>bae</strong></span> <span class='ocrx_word' id='word_1_615' title='bbox 440 4377 627 4442; x_wconf 86' lang='lat' dir='ltr'><strong>appellatione</strong></span> <span class='ocrx_word' id='word_1_616' title='bbox 640 4378 669 4428; x_wconf 89' lang='lat' dir='ltr'><strong>in</strong></span> <span class='ocrx_word' id='word_1_617' title='bbox 683 4378 770 4427; x_wconf 84' lang='lat' dir='ltr'><strong>laetos</strong></span> <span class='ocrx_word' id='word_1_618' title='bbox 788 4376 892 4426; x_wconf 85' lang='lat' dir='ltr'><strong>relatus</strong></span> <span class='ocrx_word' id='word_1_619' title='bbox 904 4377 949 4437; x_wconf 81' lang='lat' dir='ltr'><strong>sit,</strong></span> <span class='ocrx_word' id='word_1_620' title='bbox 969 4377 1039 4426; x_wconf 90' lang='lat' dir='ltr'><strong>adeo</strong></span> <span class='ocrx_word' id='word_1_621' title='bbox 1051 4380 1089 4435; x_wconf 81' lang='lat' dir='ltr'><strong>ut,</strong></span> <span class='ocrx_word' id='word_1_622' title='bbox 1104 4375 1174 4425; x_wconf 91' lang='lat' dir='ltr'><strong>sieut</strong></span> <span class='ocrx_word' id='word_1_623' title='bbox 1190 4373 1272 4422; x_wconf 81' lang='lat' dir='ltr'><strong>Nisus</strong></span> <span class='ocrx_word' id='word_1_624' title='bbox 1290 4371 1318 4418; x_wconf 90' lang='lat' dir='ltr'><strong>in</strong></span> 
     </span>
    </p>
   </div>
   <div class='ocr_carea' id='block_1_3' title="bbox 0 0 1502 5002">
    <p class='ocr_par' dir='ltr' id='par_1_4' title="bbox 0 0 1502 5002">
     <span class='ocr_line' id='line_1_60' title="bbox 0 0 1502 5002; baseline 0 0"><span class='ocrx_word' id='word_1_625' title='bbox 0 0 1502 5002; x_wconf 95' lang='lat' dir='ltr'><strong> </strong></span> 
     </span>
    </p>
   </div>
  </div>
 </body>
</html>
