2964 5002
673 371 810 414 cnevr1
1219 370 1223 385 ¹
1249 359 1311 422 405

173 532 264 582 turum
280 521 394 601 optime
414 520 584 591 describas,
607 523 633 580 ei
655 522 823 583 simillimas
839 543 907 584 esse
923 524 999 584 dicis
1015 527 1219 607 interpolatae
1235 530 1311 589 Ver·

171 624 303 701 gilirnae
320 624 417 682 vitae.
1132 695 1142 711 .

251 724 384 804 Seposui
404 726 438 785 iu
451 724 532 784 huuc
547 724 655 784 locum
678 726 862 803 particulam
880 727 964 786 vitae
989 727 1067 786 Bevi
1089 727 1210 807 (fragm.
1225 730 1310 810 tuti),

170 846 247 907 quse
266 825 349 907 apud
356 825 575 906 Philargyrum
589 835 711 885 servata
726 835 782 888 est.
812 829 883 887 huic
899 829 978 887 enim
990 832 1188 906 grammatico
1202 829 1312 890 librum

171 927 207 987 de
225 928 300 988 viris
319 928 499 988 inlustribus
519 927 600 987 bene
624 937 728 988 notum
757 929 852 988 fuisse
874 928 1034 989 declarant
1057 951 1193 1012 eaquae
1215 932 1311 994 schol.

170 1029 225 1090 ael.
246 1009 344 1089 vuli
365 1036 400 1092 ³5
422 1028 462 1088 de
486 1032 621 1107 Zmyrna
647 1028 765 1089 Cinnae
790 1031 931 1109 exposita
950 1040 1036 1090 sunt:
1056 1035 1113 1107 srn‘t
1133 1041 1223 1091 areum
1243 1036 1313 1092 liber

168 1133 302 1191 decem
319 1133 404 1200 adeo,
424 1139 456 1189 nt
471 1134 632 1189 etnonnnllr'
646 1136 707 1189 eins
722 1137 819 1190 aetatis
832 1138 1009 1207 qrnmmau‘ei
1028 1138 1055 1191 in
1073 1152 1135 1193 eam
1149 1139 1313 1209 scn'pserr'nt

168 1208 352 1308 mendaque
370 1249 410 1291 ex
428 1236 487 1290 eius
503 1237 681 1291 enarratione
697 1237 752 1291 sint
772 1222 889 1308 gloriam
905 1238 1052 1292 consecuti.
1085 1236 1123 1293 ci.
1146 1235 1311 1295 Suetonius
1398 1305 1400 1309 Ι

142 1330 206 1392 ‘da
227 1353 355 1411 gramm.
377 1342 409 1393 et
428 1332 508 1394 rhet.
532 1343 577 1394 18:
601 1337 688 1393 donec
706 1339 901 1393 commentario
920 1338 1059 1410 Zmyrnae
1085 1340 1155 1395 edite
1177 1339 1247 1394 adeo
1268 1342 1310 1394 r'n-

167 1416 269 1493 claruit
290 1453 321 1495 e.
336 1454 365 1515 q.
386 1454 410 1494 s.
446 1454 571 1513 prorsus
593 1433 704 1494 deinde
733 1436 877 1495 convenit
901 1437 977 1495 mori
999 1434 1208 1510 Suetonium,
1229 1437 1312 1516 quod

168 1534 206 1595 ed
224 1535 452 1596 inlustrandam
467 1536 547 1597 Bavi
561 1537 654 1595 ritum
671 1537 786 1596 Domiti
804 1536 897 1596 Marsi
920 1538 1123 1597 testimonium
1137 1538 1311 1599 adhibetur.

251 1636 394 1699 Transeo
414 1636 454 1697 ad
475 1646 626 1698 oratorum
649 1632 773 1712 librum,
795 1639 880 1697 cuius
900 1640 1063 1718 imaginem
1088 1649 1123 1699 ut
1142 1641 1241 1698 auimo
1265 1641 1309 1698 in·
1414 1687 1417 1691 .

166 1739 330 1800 tumemus
355 1739 438 1800 selus
459 1739 525 1803 sere
545 1729 633 1798 nohis
655 1738 718 1798 dux
740 1741 949 1820 Hieronymus
971 1751 1026 1801 est.
1060 1743 1145 1801 cuius
1161 1739 1311 1800 beneficio

166 1840 368 1920 praefationis
377 1859 499 1920 quoque
511 1841 676 1918 particulas
688 1860 871 1919 recuperare
883 1843 965 1901 licet.
975 1863 1044 1902 nam
1057 1862 1136 1922 quae
1148 1842 1229 1922 apud
1243 1863 1312 1902 eum

167 1941 204 2002 de
222 1941 317 2002 claris
335 1942 409 2001 artis
427 1943 599 2002 rhetoricae
613 1940 741 2002 Graecis
753 1945 806 2023 qui
818 1944 933 2003 Romae
950 1944 1120 2005 docuerunt
1132 1954 1310 2024 praecepto·

165 2044 248 2107 ribus
261 2042 385 2122 (fragm.
398 2042 472 2122 48*)-
480 2043 637 2120 leguntur,
650 2063 688 2103 ea
699 2044 878 2104 Suetonium
888 2046 919 2104 in
930 2046 1123 2125 praefatione
1135 2046 1225 2106 huius
1241 2066 1309 2125 par·

166 2145 213 2219 tis,
227 2164 291 2225 qua
301 2145 393 2205 initia
402 2153 434 2204 et
445 2164 624 2223 progressus
637 2147 842 2205 Romanorum
859 2147 1054 2226 eloquentiae
1066 2149 1236 2223 enarravit,
1251 2156 1311 2207 ret·

167 2248 271 2308 tulisse
287 2247 355 2307 veri
367 2255 414 2306 est
427 2247 623 2308 simillimum.
657 2267 786 2326 quocum
801 2257 873 2327 apte
885 2248 1068 2320 contendas,
1085 2248 1166 2328 quod
1181 2249 1309 2327 Apollo·

167 2347 230 2409 dori
237 2347 356 2409 Graeci
367 2348 497 2407 oratoris
508 2351 681 2409 memoriam
691 2350 812 2428 (fragm.
825 2347 893 2426 56²⁸)
907 2350 937 2407 in
950 2349 1014 2407 vita
1025 2348 1168 2426 discipuli
1179 2351 1244 2409 eius
1253 2350 1321 2428 (la-g

166 2450 219 2510 lidi
234 2450 368 2511 cruoris
383 2450 584 2531 Tranquillus
602 2453 719 2531 posuit,
743 2471 822 2530 quas
840 2449 933 2509 valde
948 2448 1115 2528 probabilis
1132 2451 1311 2509 Mommseni

167 2552 185 2611 l.
195 2574 222 2613 e.
231 2574 264 2634 p.
277 2560 332 2617 ete
347 2552 528 2613 coniectura-
537 2564 591 2613 est.
608 2552 688 2633 quod
698 2573 771 2612 vero
786 2550 883 2623 idem,
897 2563 931 2611 ut
940 2552 1001 2611 illis
1012 2551 1131 2627 graecis
1138 2549 1311 2610 rhetoribus

169 2672 254 2715 suum
276 2655 308 2714 iu
323 2653 401 2714 libro
417 2655 545 2714 Suetoni
567 2656 666 2714 locum
683 2654 873 2732 adsignaret,
896 2673 948 2712 eos
971 2661 1219 2711 commemoratos
1243 2671 1311 2712 esse

169 2757 341 2836 auspicatus
361 2763 409 2814 est
425 2744 463 2814 ¹ia
485 2755 694 2815 additamento
717 2755 755 2815 ad
774 2765 894 2835 partem
919 2754 957 2814 de
971 2753 1156 2828 rhetoribus,
1180 2772 1241 2810 non
1262 2773 1310 2812 re·

169 2859 289 2936 putavit
314 2857 530 2936 sagacissimus
550 2859 605 2917 ille
621 2859 686 2930 vir,
711 2859 804 2917 talem
826 2856 1029 2936 appendicem
1050 2856 1180 2914 alienam
1203 2873 1312 2913 esse-a

170 2959 296 3019 consilio
317 2959 410 3017 totius
433 2958 519 3033 libri,
542 2960 572 3018 in
601 2979 661 3039 quo
684 2958 873 3018 Graecarum
897 2957 1067 3017 litterarum
1087 2958 1146 3016 viri
1166 2957 1311 3016 inlustres

169 3081 226 3120 uon
241 3060 304 3121 uisi
322 3056 543 3120 iu'trauseursu
565 3081 666 3140 neque
688 3061 776 3119 aliter
798 3080 889 3139 quam
915 3070 1072 3120 uteorum
1089 3061 1233 3117 memoria
1248 3061 1310 3118 Ro·

169 3180 275 3222 manae
307 3162 429 3222 litterae
458 3163 693 3222 inlustrarentur
725 3172 851 3240 possent
876 3158 1037 3220 nominari.
1093 3158 1192 3218 eidem
1219 3160 1311 3237 igitur

90 3258 94 3265 ’
169 3263 367 3339 praelationis
388 3263 457 3323 loco
471 3264 555 3322 Isaei
577 3265 706 3323 rhetoris
723 3265 967 3323 commemoratio
988 3260 1118 3339 (fragm.
1134 3260 1204 3339 49),
1227 3263 1311 3320 cuins

170 3363 381 3444 Tranquillum
397 3365 571 3425 meminisse
588 3365 707 3424 Probus
722 3366 888 3425 scholiasta
902 3364 1060 3424 Iuvenalis
1076 3362 1232 3441 perhibet,
1248 3383 1311 3422 res-

170 3465 305 3527 tituenda
328 3466 457 3526 videtur.
502 3467 580 3524 vixit
600 3467 653 3525 ille
673 3469 755 3525 circa
775 3468 944 3526 Domitiani
966 3475 1118 3545 tempora,
1137 3464 1217 3544 quod
1240 3464 1311 3524 ideo

170 3587 288 3640 moneo,
316 3586 356 3626 ne
382 3569 450 3647 quis
475 3588 542 3627 cum
565 3569 713 3648 scriptore
735 3569 859 3639 scholii,
888 3570 941 3647 qui
962 3570 1134 3626 Atheniensis
1156 3566 1255 3636 addit,
1280 3575 1311 3625 et

171 3667 292 3728 Osanna
316 3669 349 3726 iu
366 3669 465 3746 praei.
488 3668 526 3727 ad
548 3669 600 3727 lib.
624 3669 661 3728 de
681 3689 802 3746 gramm
820 3677 851 3727 et
870 3670 946 3728 rhet.
972 3691 1000 3748 p.
1024 3668 1091 3727 lllI
1111 3667 1214 3727 adnot.
1232 3669 1312 3726 huuc

169 3770 318 3830 rhetorem
334 3779 365 3828 et
381 3771 591 3847 cognominem
610 3770 828 3839 Atheniensem
843 3780 993 3830 oratorem
1010 3768 1184 3828 confundat.

252 3871 442 3932 Graecorum
463 3881 563 3930 autem
584 3872 739 3931 rhetorum
760 3872 862 3932 studia
883 3873 1018 3931 breviter
1038 3880 1155 3930 tantum
1177 3873 1208 3929 in
1222 3890 1311 3949 prae·

168 3973 283 4033 latione
303 3973 467 4050 perstringi
483 3981 639 4050 poterant,
662 3975 692 4031 in
710 3995 769 4053 qua
790 3975 956 4052 praecipue
972 3992 1141 4032 sermonem
1160 3973 1257 4030 luisse
1272 3971 1311 4030 de

168 4073 339 4154 primordiis
353 4074 557 4134 Romaumum
575 4075 771 4154 eloquentiae
787 4095 825 4133 ex
843 4074 1084 4152 praefationibus
1099 4094 1179 4154 quae
1202 4073 1241 4131 ad
1256 4091 1311 4130 nos

168 4184 376 4254 pervenerunt
395 4185 479 4235 certo
502 4177 675 4254 conligitur.
711 4195 791 4256 quae
813 4176 939 4236 historia
960 4175 1000 4235 ad
1026 4196 1093 4234 eam
1114 4194 1211 4254 usque
1225 4180 1310 4232 asta·

168 4287 226 4336 tem
239 4275 483 4356 perducebatur,
501 4298 517 4336 e
530 4298 590 4357 qua
601 4278 771 4336 inlustrium
783 4277 1018 4337 virorum'vitan
1031 4275 1219 4355 perscribere
1233 4273 1310 4332 Sue·

167 4379 268 4438 tonius
280 4379 390 4457 coepit.
407 4378 517 4459 quodsi
529 4377 609 4458 apud
623 4380 842 4456 Hieronymum
853 4378 968 4437 nullius
980 4387 1051 4437 ante
1063 4376 1242 4436 Ciceronem
1256 4393 1310 4432 no·
