2964 5002
175 361 235 427 130
400 371 403 375 ’
545 378 587 422 na
610 378 697 424 virts
719 375 935 424 tacueramus
979 380 983 387 ·

18 490 22 496 ·
70 476 83 509 s

51 534 149 610 102*
251 530 352 616 Apud
369 530 513 594 Graecos
534 527 764 593 bibliothecam
785 527 909 614 primus
922 527 1104 589 instituisse
1120 523 1316 589 Pisistratus

173 632 316 696 creditur
330 631 581 694 Atheniensium
591 639 761 715 tyrannus,
778 648 875 714 quam
888 626 1041 712 deinceps
1055 626 1097 692 ab
1109 626 1318 691 Atheniensi·

175 734 235 797 bus
247 741 377 795 auctam
390 732 520 795 Xerxes
532 731 675 794 incensis
687 729 828 793 Athenis
840 729 951 792 auexit
963 729 996 790 in
1010 727 1138 809 Persae,
1154 727 1317 814 longoque

172 841 247 919 post
259 842 403 919 tempore
416 816 571 895 Seleucus
583 830 725 895 Nicanor
735 850 847 894 rursus
864 830 896 890 in
910 828 1084 893 Graeciam
1095 828 1219 893 retulit.
1242 831 1319 893 hinc

173 933 317 1013 studium
332 932 464 1018 regibus
476 932 677 1018 urbibusque
688 933 805 995 ceteris
816 939 929 994 natum
941 939 991 994 est
1003 930 1216 1017 comparandi
1227 929 1339 996 nolu-s

173 1036 271 1097 mina.
296 1034 414 1097 dehinc
431 1054 569 1118 magnus
582 1033 773 1096 Alexander
784 1034 837 1095 uel
851 1053 1055 1097 successores
1069 1033 1139 1096 eius
1155 1033 1318 1096 instruen-

173 1135 225 1199 dis
237 1134 380 1198 omnium
395 1134 551 1198 librorum
562 1134 769 1198 bibliothecis
785 1135 928 1196 animum
941 1133 1162 1214 intenderunt,
1174 1133 1317 1197 maxime

175 1236 379 1300 Ptolemaeus
403 1244 617 1319 cognomento
634 1232 886 1320 Philadelphus3
903 1256 987 1298 nam
1004 1236 1214 1321 septuaginta
1228 1233 1319 1297 milia

160 1336 333 1401 'librorum
355 1336 451 1400 huius
473 1336 673 1423 temporibus
694 1334 917 1399 Alexandriae
935 1337 1071 1399 inuenta
1090 1346 1176 1400 strat.

259 1438 397 1502 Romam
418 1438 541 1523 primus
563 1436 721 1500 librorum
741 1437 869 1521 copiam
897 1436 1034 1514 aduertit
1054 1437 1215 1502 Aemilius
1237 1442 1353 1501 Pau-¹⁰

176 1539 225 1602 lus
247 1537 347 1602 Perse
366 1537 582 1602 Macedonum
603 1559 681 1622 rege
704 1537 849 1618 deuict03
872 1536 991 1607 deinde
1013 1537 1171 1620 Lucullus
1194 1561 1213 1602 e
1236 1538 1318 1603 Pon·

176 1642 242 1703 tica
267 1638 401 1726 praeda.
424 1648 500 1726 post
521 1638 580 1701 hos
601 1638 724 1702 Caesar
745 1637 836 1702 dedit
855 1637 968 1702 Marco
986 1637 1129 1703 Varroni
1152 1641 1317 1725 negotium

176 1762 274 1825 quam
294 1741 456 1802 maximae
474 1737 693 1804 bibliothecae
712 1739 962 1804 construendae.
976 1742 1117 1827 primum
1132 1750 1243 1805 autem
1257 1740 1317 1805 Ro·

104 1844 108 1849 ’
176 1863 248 1904 mae
268 1838 483 1903 bibliothecas
497 1839 680 1925 publicauit
693 1839 799 1905 Pollio
822 1840 936 1919 ihinc
955 1863 1091 1928 graecas
1107 1841 1204 1905 simul
1222 1852 1318 1929 atque

177 1940 296 2006 latinas
321 1940 443 2007 additis
465 1951 635 2006 auctorum
655 1942 855 2026 imaginibus
881 1944 915 2006 in
937 1943 1041 2020 atrio,
1074 1943 1161 2028 quod
1189 1931 1232 2008 de
1252 1959 1352 2008 matt

177 2042 286 2106 nubiis
307 2041 667 2127 magnificentissimum
690 2044 902 2107 instruxerat.

69 2139 167 2212 103*
260 2142 416 2207 Cerarum
451 2143 595 2207 studium
629 2144 726 2230 primi
757 2144 878 2208 Graeci
910 2143 1087 2208 tradidisse
1123 2145 1317 2231 produntur.

177 2229 432 2310 Graeciautein
461 2253 493 2307 et
520 2243 619 2308 Tusci
647 2246 788 2331 primum
816 2245 902 2310 ferro
932 2245 967 2309 in
995 2246 1079 2309 ceris
1107 2248 1319 2334 scripserunt,

264 2412 334 2468 102*
347 2415 469 2466 Isidorus
481 2416 569 2481 origg.
588 2416 626 2465 VI
644 2415 673 2466 3:
693 2417 745 2466 ‘De
765 2416 951 2467 bibliothecis.
982 2417 1161 2468 Bibliotheca
1179 2435 1196 2467 a
1211 2417 1319 2470 Graeco

178 2499 276 2534 nornen
305 2484 416 2548 accepit
441 2484 476 2533 ab
500 2499 532 2533 co
560 2483 632 2547 qraod
655 2484 695 2533 ibi
723 2485 909 2534 recondantur
937 2484 1009 2534 libri.
1051 2501 1114 2535 nam
1143 2483 1263 2551 βιβλίων
1288 2486 1320 2536 li·

178 2554 285 2602 brorum
308 2543 388 2616 θήκη
411 2550 542 2615 repositio
565 2552 786 2616 iuterpretatur.¹
809 2551 1008 2618 bibliothecam
1033 2554 1135 2602 laeteris
1159 2555 1321 2604 testamenti

177 2620 279 2670 Esdras
298 2619 391 2669 scriba
414 2624 475 2683 post
499 2620 642 2667 incensam
661 2619 750 2683 legem
775 2636 791 2668 a
815 2619 979 2682 Chaldaeis,
1005 2619 1068 2669 dum
1086 2620 1183 2670 Iudaei
1202 2622 1321 2687 regressi

178 2688 297 2736 iniissent
326 2688 354 2734 in
376 2685 567 2747 Hierusalem,
601 2685 694 2734 diuino
724 2687 835 2735 afflatus
862 2688 963 2752 spiritu
991 2688 1133 2751 reparauit
1164 2694 1320 2754 cunctaque

177 2754 250 2819 legis
280 2770 312 2803 ac
342 2753 536 2817 prophetarum
566 2753 707 2802 uolumina
748 2770 818 2818 quae
850 2757 960 2804 fuerant
986 2770 1002 2803 a
1027 2755 1156 2819 gentihus
1192 2762 1321 2822 corrupta

179 2821 298 2870 correxit
321 2826 459 2884 totumque
484 2826 564 2869 uetus
583 2826 777 2870 testamentum
797 2822 825 2870 in
843 2823 945 2887 uiginti
970 2822 1037 2874 duos
1062 2823 1146 2872 libros
1166 2826 1320 2886 constituit,

179 2895 209 2936 ut
232 2893 274 2937 tot
296 2886 361 2936 libri
380 2893 472 2936 essent
491 2888 519 2935 iu
538 2887 599 2952 lege
619 2895 685 2952 quot
702 2888 876 2939 habebantur
895 2897 922 2938 ct
941 2889 1060 2938 litterae.
1104 2891 1190 2956 apud
1216 2891 1320 2941 Grac-

181 2971 237 3004 eos
262 2959 355 3003 autom
381 2991 387 3002 .
408 2990 440 3002 ..
466 2956 640 3004 uolumina
669 2956 838 3005 diuersarum
862 2958 986 3021 gentium
1021 2964 1048 3006 et
1076 2974 1124 3021 per
1155 2960 1321 3024 interpretes

180 3025 208 3071 in
227 3023 363 3086 Graecam
382 3021 503 3085 linguam
522 3023 656 3071 uertendi.
688 3023 811 3072 dehinc
834 3024 1152 3088 ...Philadelphus
1170 3029 1259 3077 omnis
1278 3027 1321 3076 lit-

180 3095 321 3139 tcratnrac
345 3090 556 3152 sagacissimus,
580 3106 641 3139 cum
665 3090 760 3140 studio
780 3091 1009 3143 bibliothecarum
1032 3093 1210 3143 Pisistratum
1230 3109 1321 3144 aemu-

180 3156 292 3217 laretur,
312 3172 365 3205 nou
384 3156 471 3204 solum
490 3158 612 3221 gentium
631 3159 796 3222 scripturas,
819 3160 867 3208 sed
886 3161 970 3209 etiam
990 3168 1018 3207 ot
1035 3159 1145 3208 diuinas
1165 3162 1275 3212 litteras
1294 3164 1322 3211 iu

123 3264 128 3272 .
179 3222 376 3273 bibliothecam
395 3240 471 3272 suam
491 3224 616 3274 contulit..
652 3241 725 3274 nam
743 3228 967 3291 septuaginta
1052 3227 1148 3277 sunt.’
1167 3229 1198 3277 5:
1219 3231 1269 3280 ‘lie
1290 3245 1321 3279 ec

180 3292 225 3356 qui
238 3292 352 3355 primum
366 3290 478 3340 Romam
491 3291 576 3341 libros
590 3291 711 3343 aduerit.
739 3293 1178 3347 Romam...instruxerat.'
1209 3297 1239 3347 7:
1258 3297 1322 3359 ‘Qui

180 3359 265 3408 multa
284 3359 459 3422 scripserunt.
500 3359 610 3409 hlarcus
633 3361 781 3410 Terentius
798 3362 885 3410 Varro
908 3362 980 3426 apud
1002 3363 1117 3413 Latinos
1137 3364 1322 3414 irrnumerabi

180 3426 220 3475 les
247 3426 332 3475 libros
359 3427 480 3490 scripsit.
517 3428 590 3490 apud
614 3428 737 3478 Graecos
764 3444 870 3493 qaroque
895 3429 1094 3480 Chalcenterus
1118 3432 1194 3480 miris
1219 3432 1322 3482 attolli·

179 3499 223 3542 tur
236 3492 371 3552 laudibus,
392 3493 462 3557 quod
475 3499 568 3543 tantos
580 3495 664 3544 libros
677 3495 804 3556 ediderit,
824 3504 940 3559 quantos
954 3499 1067 3561 quisquc
1081 3506 1202 3548 nostrum
1216 3500 1323 3549 alienos

179 3561 300 3609 scrihere
316 3563 426 3625 propria
439 3577 520 3610 manu
533 3563 580 3610 uix
592 3560 700 3627 possit’
720 3564 874 3619 (emitulino
894 3565 965 3628 apol.
979 3564 1062 3626 1120)
1077 3568 1226 3616 Suetonius
1242 3567 1322 3617 Caes.

180 3629 224 3676 *l-l:
244 3627 435 3691 (destinabat)
453 3629 652 3678 ‘bibliothecas
672 3630 794 3680 Graecas
812 3632 984 3695 Latinasque
1002 3648 1069 3696 quas
1083 3634 1217 3683 niaximas
1231 3641 1323 3698 posset

179 3696 335 3759 publicare,
356 3696 422 3744 data
434 3697 530 3745 Marco
543 3697 659 3746 i'arroni
673 3712 739 3746 cura
752 3699 996 3763 comparandarum
1011 3716 1044 3748 ac
1057 3700 1289 3762 ‹ligorendarunn’

268 3760 336 3814 itti*
353 3764 474 3813 Isidorus
493 3765 580 3829 origg.
606 3765 642 3813 VI
660 3764 690 3814 il:
722 3767 776 3814 ‘De
797 3767 876 3816 ceris.
909 3767 995 3816 Cerae
1015 3768 1168 3817 litterarum
1192 3771 1323 3819 materies

183 3885 226 3890 --
238 3884 385 3891 --—--

267 3951 613 4011 2Athcnionsiurn--ab
628 3973 680 4010 ont.
699 3957 751 4010 Ga.
770 3960 784 4009 1
800 3947 812 4031 ΙΙ
828 3952 964 4014 adelano
976 3954 1046 4013 inde
1060 3958 1111 4012 G'u.
1128 3951 1171 4036 lli
1187 3956 1322 4017 Alexan·

182 4038 236 4095 der
261 4056 387 4111 magmas
411 4039 463 4093 Ga.
484 4031 533 4114 21}
556 4057 658 4094 eorum
684 4039 797 4094 illoaac.
824 4045 904 4095 6250
929 4057 952 4095 a.
987 4042 1083 4097 l'llll.
1112 4045 1164 4097 Gu.
1185 4048 1208 4097 1,
1236 4038 1321 4118 2117

181 4119 371 4200 plrtolomous
385 4123 498 4176 hlorror.
515 4115 529 4200 ll
543 4121 696 4179 filadelfus
711 4125 824 4181 Mortua.
847 4121 860 4202 ΙΙ
879 4124 1008 4182 Romam
1027 4128 1183 4182 strenuius:
1207 4126 1322 4183 Romae

180 4210 246 4263 libri
261 4202 274 4283 Η
293 4216 317 4264 ιΙ
330 4207 486 4263 l‘ersaGo.
499 4211 516 4261 2
531 4201 543 4284 il
560 4216 593 4267 13
604 4225 692 4284 quam
704 4209 864 4284 maximae]
881 4211 1143 4269 carisamnraxime
1157 4213 1210 4266 Ga.
1228 4217 1241 4266 Ι
1257 4229 1326 4267 cum

181 4291 310 4347 maxime
329 4292 380 4346 Ga.
392 4296 409 4344 3
420 4289 548 4345 rrrauimc
562 4295 613 4348 Gn.
630 4288 668 4371 η
680 4305 710 4353 14
722 4292 791 4349 hinc
807 4295 919 4350 lllorrce.
934 4297 985 4351 Ga.
1004 4299 1065 4351 cal.
1078 4294 1128 4351 uel
1140 4293 1208 4350 hui(¹
1222 4297 1275 4351 Ga.
1294 4301 1322 4351 1.-

180 4379 270 4429 lutrro
290 4378 400 4429 ribuar
415 4374 539 4429 Asinius
554 4370 567 4457 Η
586 4386 616 4436 la
633 4375 671 4433 do
684 4376 832 4434 manubiis
848 4377 885 4435 dc
902 4378 1216 4460 spoliisiuimicorum
1234 4383 1286 4438 Ga.
1310 4385 1334 4444 1Ι
