2964 5002
165 370 225 435 138
542 384 585 426 ns
606 382 694 427 vrnrs
716 380 933 424 rnavsrsrsrs

167 548 206 610 4
234 555 354 600 auersa
381 528 591 598 obelismerie.
631 548 673 626 q
699 528 886 592 ceraunios.
916 554 950 585 ss
971 524 1084 590 obelus
1113 524 1312 620 adpunctus.

163 647 245 709 -<
260 634 372 700 obelus
388 654 461 697 cum
478 651 606 696 auersa.
628 642 663 706 >
683 628 771 716 diple
785 648 925 713 superne
941 625 1082 691 obelata.
1104 614 1147 700 Ξ
1169 635 1205 698 <
1223 632 1315 688 recta

166 748 199 802 et
220 755 337 800 auersa
359 754 500 820 superne
518 726 678 797 obelatae.
713 720 752 797 δ’(
776 729 829 793 ehi
858 736 892 792 et
911 750 958 793 ro.
997 736 1017 819 ᾧ
1043 725 1119 791 fiet
1140 748 1189 791 ro.
1219 712 1313 808 lan·

163 858 240 903 cors
264 835 420 921 superior.
477 833 482 919 Ι
507 853 628 896 ancora
650 830 798 895 inferior.
823 829 949 913 alogus.

248 937 311 1001 His
335 935 412 1000 solis
435 922 755 999 in⁹adnotationibus
770 930 872 994 Ennii
888 927 1009 992 Lucilii
1032 935 1065 992 et
1083 926 1334 992 historicorum⁸

164 1041 217 1104 usi
240 1047 317 1102 sunt
332 1037 556 1120 Vargunteius
579 1034 708 1097 Ennius
725 1031 909 1117 Aeliusque
931 1037 964 1093 et
984 1036 1150 1114 postremo
1172 1028 1313 1109 Probus,
1358 1059 1365 1070 ·

165 1142 220 1226 qui
248 1138 323 1203 illas
351 1141 384 1199 in
404 1135 547 1221 Virgilio
569 1146 602 1200 et
624 1133 763 1199 Horatio
784 1141 817 1196 et
835 1130 991 1195 Lucretio
1012 1130 1166 1215 apposnit
1188 1138 1225 1193 ut
1247 1127 1314 1193 He·

166 1261 255 1303 mero
279 1237 502 1302 Aristarchus,

255 1378 289 1386 -
324 1336 439 1402 obelus
471 1336 624 1402 uersibus
656 1333 831 1420 apponitur
862 1329 924 1395 hac
954 1352 1065 1394 causa.
1118 1330 1314 1394 Pisistratus

166 1440 330 1528 quondam
349 1438 601 1502 Atheniensium
617 1445 777 1523 tyrannus
798 1431 985 1498 inordinata
1003 1441 1036 1496 et
1051 1431 1191 1496 confusa
1205 1430 1313 1495 adhuc
1323 1439 1350 1482 ¹0

166 1545 256 1629 poesi
270 1540 407 1604 Homeri
427 1539 573 1625 praemio
589 1535 768 1603 sollicitare
790 1533 963 1621 proposuit
985 1554 1042 1597 eos
1057 1533 1113 1620 qui
1133 1552 1208 1597 eam
1231 1532 1316 1596 ordi-

165 1653 284 1707 narent
317 1642 423 1726 iisque
454 1639 591 1724 praemii
623 1639 756 1701 nomine
783 1637 816 1698 in
845 1632 992 1718 singulos
1020 1655 1137 1697 uersus
1166 1633 1314 1719 singulos

167 1743 279 1807 obolos
308 1741 484 1804 constituit.
525 1739 675 1802 mercede
706 1735 800 1800 multi
829 1734 955 1798 inducti
983 1756 1163 1822 pauperes,
1194 1733 1315 1820 quibus

167 1844 334 1926 ingenium
367 1838 541 1922 affluebat,
581 1839 736 1923 quoniam
770 1845 829 1900 aut
862 1836 1013 1900 inuenire
1048 1845 1107 1899 aut
1139 1835 1315 1922 disponere

172 1944 237 2026 (ut)
260 1939 400 2005 debebat
423 1961 490 2004 non
507 1948 673 2025 poterant,
704 1937 861 2024 fingendo
887 1934 1045 2023 plurimos
1067 1957 1185 2000 uersus
1208 1936 1316 2023 operis
1325 1943 1350 1983 ¹⁵

167 2040 373 2108 nobilitatem
388 2049 610 2126 corruperunt.
645 2037 732 2103 unde
751 2038 876 2117 euenit,
897 2045 935 2100 ut
955 2046 1070 2123 postea
1085 2037 1317 2123 prudentiores
1359 2083 1368 2094 ι

167 2142 249 2225 uiri,
278 2162 417 2228 quorum
438 2162 583 2205 summus
606 2142 641 2205 in
661 2140 723 2204 hac
749 2161 785 2204 re
815 2138 879 2202 fuit
906 2138 1134 2221 Aristarchus,
1165 2140 1317 2226 quotiens

168 2244 383 2330 inprobarent
398 2262 514 2306 uersus
537 2243 632 2327 quasi
653 2250 709 2304 aut
730 2241 834 2304 malos
850 2247 908 2303 aut
928 2260 995 2303 non
1009 2239 1220 2322 Homericos,
1241 2241 1318 2306 obe·

168 2344 236 2410 lum
257 2344 428 2430 potissime
448 2341 628 2407 notandum
645 2343 884 2406 existimarent.
918 2362 993 2404 nam
1016 2351 1049 2404 et
1063 2343 1165 2426 ipsius
1180 2341 1319 2408 Homeri

170 2446 322 2533 proprios
344 2444 404 2508 sed
426 2465 494 2508 non
523 2465 562 2507 eo
588 2443 706 2529 dignos
729 2441 843 2506 eadem
866 2441 927 2507 hac
952 2450 1030 2505 nota
1047 2441 1354 2507 condemnarunt²⁰

171 2633 224 2682 que
244 2617 364 2680 antiquis
388 2615 423 2664 ad
442 2614 648 2665 distinctionem
671 2616 868 2681 scripturarum
893 2615 1061 2664 carminibus
1084 2619 1112 2663 et-
1129 2614 1255 2664 historiis
1273 2615 1320 2665 ad·

172 2692 332 2750 posuerunt.
364 2691 431 2731 nota
450 2682 593 2747 estfigura
606 2684 717 2748 propria
736 2684 764 2731 in
776 2681 889 2732 litterae
909 2682 1015 2732 modurn
1034 2682 1125 2746 posita
1145 2682 1180 2730 ad
1195 2684 1319 2733 demons-

172 2752 298 2801 trandam
327 2765 547 2814 unamquamque
577 2752 655 2799 uerbi
684 2751 937 2813 sententiarumque
965 2767 998 2799 ac
1023 2764 1150 2799 uersuum
1174 2753 1320 2801 rationem.

173 2826 255 2868 notae
276 2824 367 2866 autem
386 2818 513 2868 uersibus
533 2823 706 2883 apponuntur
724 2833 837 2866 nurnero
855 2819 957 2882 uiginti
975 2832 1037 2877 sex,
1062 2832 1133 2880 quae
1152 2825 1215 2865 sunt
1234 2820 1319 2867 nomi-

173 2888 255 2935 nibus
275 2886 347 2954 inira
366 2886 487 2949 scriptis.
523 2887 680 2936 Asteriscus
704 2886 811 2948 (sipiares
834 2885 875 2934 uhi
897 2886 1005 2950 differre
1030 2901 1080 2933 nou
1096 2892 1219 2947 poterunt
1237 2887 1321 2948 omisi)

175 2953 321 3017 adponitur
340 2953 368 3000 in
387 2952 442 3012 his,
463 2968 532 3016 quae
552 2955 654 3003 omissa
672 2959 748 3013 sunt,
769 2958 799 3000 ut
816 2952 985 3001 inluciscsnt
1003 2967 1052 3016 per
1065 2968 1124 3001 eam
1142 2957 1235 3002 notam
1249 2968 1319 3017 quae

171 3021 270 3068 ‹leesse
294 3020 432 3068 uidentur.
473 3020 555 3070 stella
587 3022 660 3070 enim
687 3010 777 3085 dessio
807 3020 908 3068 dicitur
930 3019 1039 3070 Graeco
1062 3035 1200 3077 sermone,
1226 3038 1243 3069 a
1268 3037 1321 3085 que

173 3087 324 3136 asteriscus
344 3087 494 3136 ‹leriuatus
532 3089 636 3137 Obsius
656 3089 683 3136 id
703 3094 746 3136 est
763 3087 872 3151 uirgula
898 3088 993 3137 iacens
1013 3090 1161 3152 apponitur
1179 3089 1208 3136 in
1227 3089 1333 3150 uerbis,

171 3153 216 3203 uel
240 3154 269 3202 in
292 3155 441 3203 sententiis
465 3156 601 3219 superflue
625 3157 735 3204 iteratis
759 3170 807 3203 seu
830 3155 858 3203 in
881 3155 924 3205 his
947 3155 1031 3216 locis,
1055 3155 1102 3204 ubi
1121 3154 1206 3204 lectio
1226 3156 1322 3221 aliqua

173 3220 300 3271 falsitate
313 3227 409 3271 notata
424 3228 480 3282 est,
501 3227 530 3270 ut
550 3225 628 3287 quasi
641 3223 746 3286 sagitta
759 3222 866 3287 iugulat
878 3237 1050 3288 superuacua
1065 3229 1147 3286 atque
1163 3222 1238 3273 falsa
1257 3239 1321 3273 con·
1378 3270 1379 3274 ,

174 3284 277 3338 fodiats
308 3290 414 3352 sagitta
433 3290 504 3338 enim
524 3306 625 3355 graece
644 3281 743 3355 ὄβελος
761 3290 870 3339 dieitur.
907 3289 1011 3340 Obelus
1030 3306 1147 3355 superne
1167 3291 1323 3355 adpunctus

172 3357 283 3420 ponitur
296 3357 324 3405 in
337 3357 380 3406 bis
393 3357 427 3404 de.
442 3357 539 3420 quibus
552 3358 696 3407 dubitatur
708 3364 798 3407 utrum
811 3357 870 3406 tolli
883 3356 1004 3407 debeant
1022 3374 1119 3407 necne.
1142 3366 1175 3418 -ζ-
1195 3359 1322 3409 Lemnis·

174 3438 222 3472 cus
242 3423 269 3471 id
288 3430 330 3473 est
348 3423 457 3487 uirgula
476 3424 548 3472 inter
566 3426 689 3489 geminos
707 3430 823 3490 punctos
846 3425 943 3473 iacens
963 3426 1110 3489 apponitur
1133 3427 1161 3475 in
1179 3425 1223 3476 his
1242 3427 1320 3485 locis,

175 3504 245 3554 quac
269 3506 367 3539 sacrae
391 3492 545 3555 scripturae
570 3493 737 3557 interpretes
761 3493 858 3542 eodem
881 3507 964 3542 sensu
987 3492 1035 3541 scd
1054 3492 1171 3542 diuersis
1190 3495 1322 3543 sermoni-

174 3559 226 3606 bus
245 3558 455 3607 transtulenmt.
477 3559 490 3620 i
510 3561 698 3624 Antigruphus
718 3575 778 3608 cum
802 3567 904 3625 puncto
924 3560 1085 3624 adponitur.
1110 3561 1157 3610 ubi
1185 3563 1214 3609 in
1233 3567 1322 3610 trans·

174 3624 327 3676 lotionibus
345 3625 470 3677 diversus
489 3642 585 3676 sensus
603 3627 730 3676 babetur.
766 3627 922 3677 Asteriscus
941 3644 1002 3677 curn
1021 3628 1111 3678 obelo.
1143 3628 1194 3677 hoc
1212 3630 1323 3694 proprie

174 3692 351 3743 Aristarchus
374 3693 504 3743 utebatur
527 3695 556 3743 in
579 3694 621 3743 his
650 3695 777 3744 uersibus
800 3696 849 3758 qui
872 3710 925 3744 non
955 3710 1004 3744 suo
1033 3695 1094 3745 loco
1121 3696 1204 3760 positi
1235 3703 1321 3745 erant.

174 3755 202 3812 Γ
221 3760 418 3825 Peragraphus
436 3763 547 3826 ponitur
566 3762 600 3810 ad
619 3761 789 3827 separandas
808 3777 852 3810 res
871 3780 888 3812 a
900 3763 982 3813 rebus
1003 3764 1116 3827 quaein
1134 3778 1240 3813 conexu
1259 3779 1321 3813 con·

176 3873 506 3993 *ssa-siperobelata
523 3919 550 3972 P
562 3911 575 3995 ll
591 3927 608 3978 ὃ
626 3914 748 3974 obelata
766 3918 794 3972 P
806 3846 855 3996 lidii
870 3919 897 3973 P
910 3910 923 3996 ll
939 3917 1072 3974 anchora
1093 3917 1121 3974 P
1133 3913 1184 3991 (sie
1197 3916 1322 3998 seraper)

174 3997 188 4082 ΙΙ
205 4005 281 4076 alepi
300 4009 368 4058 note
391 4004 535 4058 intercidit
550 3995 562 4081 ll
584 4013 599 4061 5
618 4001 722 4057 henuii
742 4003 768 4057 P
786 3998 799 4079 li
823 4001 936 4059 Lucilii
954 4003 1114 4075 Berytius:
1135 4001 1207 4059 lucii
1226 4004 1254 4058 P
1274 3997 1323 4083 ll⁶

653 4091 666 4116 u

175 4136 381 4214 Vargunteius
399 4137 559 4209 Berqlrius:
580 4155 685 4193 uarros
701 4133 831 4193 bennius
850 4139 878 4193 P
890 4131 904 4215 ll
919 4135 1088 4214 deliusque
1103 4140 1224 4209 scripsi:
1250 4135 1322 4194 hae·

178 4223 237 4281 lius
250 4243 285 4280 ae
310 4240 368 4279 uae
379 4222 405 4281 P
416 4220 542 4278 Laelius
554 4219 726 4278 Archelaus
737 4224 811 4278 cerri.
829 4221 974 4293 Berytius
989 4216 1003 4302 l}
1021 4230 1049 4280 ll
1065 4221 1115 4299 qui
1128 4225 1326 4297 eamscripsi:

175 4307 248 4383 qnia
260 4241 314 4387 Pil
330 4304 506 4364 ordinarent
520 4309 642 4379 scripsi:
659 4302 853 4363 ordinassent
866 4306 894 4361 P
906 4300 919 4384 {l
937 4315 969 4367 13
985 4304 1091 4364 obelos
1104 4307 1131 4362 P
1143 4301 1156 4386 ll
1175 4316 1205 4367 15
1220 4314 1257 4364 ut
1273 4309 1323 4364 ad-

176 4393 236 4446 didi
249 4385 263 4470 ll
280 4400 313 4452 18
334 4389 509 4468 inprobaret
530 4391 558 4445 P
570 4384 584 4471 ll
603 4399 635 4453 19
652 4388 860 4447 exlrisiimaret
878 4391 907 4446 P
918 4385 932 4470 ΙΙ
946 4397 981 4450 20
997 4399 1028 4449 et
1040 4392 1067 4447 P
