2964 5002
654 363 757 404 cnrvr
779 363 818 403 111
994 416 1000 427 .
1239 344 1301 407 467

167 513 312 592 graphice
325 513 495 593 repetenda
510 512 686 587 videantur,
712 534 792 594 quae
807 513 901 573 schol.
922 513 1012 573 Bern.
1032 532 1136 593 georg.
1160 514 1226 576 1111
1243 524 1303 579 'set

169 613 286 694 (fragm.
302 614 369 695 203)
385 615 633 695 tlerPattbenope
650 614 759 675 Sirene
780 613 959 675 Suetonium
972 614 1136 675 tradidisse
1156 615 1301 677 scribunt.

168 718 279 777 atenim
296 719 328 777 in
346 716 532 796 Vergilianis
550 718 773 777 commentariis
793 717 902 777 librum
920 717 959 777 de
981 717 1073 778 claris
1094 717 1303 779 meretricibus

167 816 333 879 adhibitum
344 838 412 880 esse
422 818 484 879 illis
495 819 584 880 Servi
598 819 674 879 locis
689 818 904 899 conprobatur:
927 828 1019 899 atque
1033 819 1112 880 adeo
1124 827 1158 879 ut
1167 818 1207 880 ad
1218 820 1303 881 hunc

129 944 133 951 ·
166 919 274 980 librum
288 920 463 990 referamus,
478 921 573 1000 ipsius
594 921 755 998 fragmenti
775 922 853 980 ratio
873 921 1003 983 suadere
1026 921 1160 998 videtur,
1189 922 1303 1003 quippe

167 1041 225 1102 qno
246 1031 281 1081 ut
301 1043 351 1083 res
370 1023 515 1104 primaria
535 1023 728 1106 Parthenope
751 1023 838 1084 Siren
856 1043 916 1084 non
936 1023 1008 1084 urbs
1027 1024 1221 1104 Parthenope
1240 1044 1302 1085 me·

167 1107 307 1184 moretur.
332 1124 370 1184 cf.
387 1125 588 1206 Philargyrus
603 1125 633 1184 in
650 1124 679 1183 h.
695 1125 732 1199 l.‚
745 1125 796 1204 qui
809 1124 940 1187 fortasse
956 1125 1063 1186 eodem
1076 1124 1222 1187 Suetonio
1231 1146 1303 1186 usns

167 1224 321 1286 Lutatium
337 1225 477 1287 Catulum
497 1226 586 1287 huius
603 1227 748 1286 historiae
768 1238 923 1289 auctorem
941 1229 1086 1289 nominat
1117 1227 1202 1289 alind
1215 1247 1303 1310 prae·

167 1336 251 1389 terea
272 1327 407 1388 eiusdem
424 1328 495 1388 libri
514 1329 677 1407 vestigium
701 1337 789 1390 extat
809 1329 891 1409 apud
911 1330 1041 1391 eundem
1059 1328 1200 1393 Seruium
1220 1331 1300 1391 Aen.

166 1428 215 1489 111
233 1438 288 1492 420
310 1428 364 1507 (cf.
380 1429 475 1492 schol.
490 1430 606 1490 Lucan.
626 1430 642 1490 I
659 1429 741 1508 sill:
772 1434 925 1507 Charybdis
940 1442 1030 1493 autera
1051 1437 1081 1491 ia
1096 1435 1208 1493 Siciline
1218 1442 1303 1508 parte

162 1536 252 1607 scats
262 1533 369 1606 femina
387 1529 495 1610 (schah
511 1532 629 1592 Lucan.
645 1531 665 1591 l.
688 1554 714 1593 c.
733 1531 880 1612 meretrix)
891 1535 950 1611 suit
966 1539 1159 1595 uoraeusimo.

248 1633 335 1693 luter
349 1634 502 1693 Romanas
518 1643 618 1693 autem
638 1635 829 1709 meretrices,
847 1655 926 1716 quae
941 1636 999 1696 fuit
1013 1635 1112 1703 altera
1125 1657 1197 1717 pars
1213 1656 1303 1715 argn-

167 1736 272 1809 meuti,
288 1755 356 1795 cum
366 1745 480 1795 certum
491 1736 531 1796 sit
546 1737 636 1795 etiam
652 1736 702 1795 hic
716 1736 874 1797 historiam
884 1739 1075 1799 meretricum
1089 1739 1161 1800 inde
1173 1737 1212 1799 ab
1226 1740 1303 1799 anti·

139 1840 143 1849 '
168 1838 317 1919 quissimia
342 1837 528 1918 temporibus
548 1840 749 1917 perscriptam
769 1839 881 1915 fuisse,
904 1841 971 1901 sine
993 1839 1085 1901 dubio
1107 1843 1223 1907 Accam
1243 1842 1304 1902 La-

167 1939 295 2001 rentiam
324 1940 544 2029 nobilissimum
567 1950 698 2000 scortum
726 1950 760 2000 ut
786 1941 924 2004 Macrobi
950 1951 1006 2007 sat.
1031 1943 1048 2002 I
1072 1955 1119 2017 10,
1148 1952 1181 2006 12
1202 1943 1305 2005 verbis

168 2050 233 2101 utar
243 2040 443 2122 Tranquillus
463 2040 631 2102 rettulerat
665 2052 757 2123 atque
777 2043 865 2102 huius
887 2042 1039 2104 uberrima
1057 2048 1202 2107 memoria
1223 2045 1305 2127 apud

167 2141 360 2205 Lactantium
376 2142 510 2205 Gellium
520 2132 709 2204 Macrobium
725 2152 826 2218 estat,
842 2164 922 2224 quae
932 2147 1029 2224 primo
1044 2148 1132 2226 qnasi
1146 2147 1251 2209 obtutu
1265 2168 1305 2208 ex

168 2242 254 2306 buius
268 2244 351 2306 modi
367 2245 445 2305 libro
456 2254 582 2324 recepta
592 2244 722 2306 ridetur.
740 2266 797 2305 ncc
809 2246 1034 2325 neglegendum
1049 2257 1097 2307 est
1110 2249 1305 2311 Lactantium

169 2355 305 2409 auctores
328 2348 485 2409 nominare
505 2348 629 2407 Livium
646 2356 676 2407 et
697 2348 851 2422 Verrium,
880 2347 1015 2409 Gellium
1037 2367 1110 2407 vero
1131 2348 1172 2407 ad
1196 2350 1305 2411 Sabini

146 2480 149 2484 ’
169 2446 281 2509 hiaanri
296 2450 507 2510 auctoritatem
520 2469 704 2528 provocare:
731 2448 812 2530 quod
827 2469 901 2509 sane
912 2447 1057 2508 indicium
1069 2457 1117 2509 est
1131 2468 1183 2509 eos
1197 2469 1304 2510 recen·

169 2549 258 2613 tiores
275 2550 414 2611 Varrone
431 2560 571 2611 auctores
586 2553 682 2631 sequi.
712 2559 874 2630 praeterea
887 2551 1022 2611 meminit
1036 2544 1216 2610 Lactantius
1233 2550 1305 2611 Flo·

169 2670 218 2713 rae
237 2660 268 2713 et
282 2653 421 2713 Farolae
439 2651 566 2713 dearum
580 2652 805 2733 earundemque
819 2653 1021 2713 meretricum.
1041 2654 1217 2733 auspicatus
1229 2673 1304 2712 vero

172 2762 215 2813 eat
231 2754 431 2834 Tranquillus
450 2756 641 2815 meretricum
658 2755 768 2814 seriem
786 2756 818 2814 ni
829 2754 919 2814 fallor
935 2754 974 2813 ab
989 2757 1056 2834 ipss
1068 2754 1204 2830 Venere,
1225 2774 1305 2834 quae

169 2856 263 2935 prima
281 2866 316 2917 ut
332 2857 509 2917 Lactantius
527 2855 694 2917 secundum
716 2876 832 2916 sacram
848 2857 1005 2916 historiam
1025 2855 1131 2916 scribit
1146 2865 1234 2915 artem
1250 2872 1304 2914 me·

174 2962 311 3019 retriciara
326 2964 439 3019 instituit
458 2969 609 3035 sacquue
623 2961 781 3017 mulieribus
795 2964 823 3017 ia
839 2960 930 3034 Cypro
941 2961 1000 3034 fait
1012 2964 1053 3018 uti
1065 2963 1175 3034 eulysio
1190 2974 1308 3033 corpore

170 3068 309 3135 amatum
322 3064 462 3137 facerent.
1160 3054 1164 3064 '

251 3162 342 3223 Alius
362 3161 527 3243 Byzantini
546 3162 709 3221 memoriae
732 3159 879 3221 debemus
900 3161 964 3222 eius
983 3161 1053 3221 libri
1072 3161 1191 3221 titulum
1206 3159 1307 3241 quode

168 3282 370 3343 nunc-egam:
393 3261 462 3343 περὶ
480 3264 532 3339 τῆς
547 3261 715 3339 Κικέρωνος
729 3261 877 3335 πολιτείας
893 3262 1010 3341 βιβλίον
1027 3254 1079 3320 α’·
1112 3253 1258 3341 ἀντιλέγει
1276 3258 1308 3322 (li

168 3364 209 3447 τᾷ
234 3357 361 3448 Achiuos
382 3365 502 3444 (fragm.
526 3365 602 3443 tot).
645 3385 726 3447 quae
750 3365 845 3426 verba
865 3373 938 3424 sunt
962 3362 1076 3424 Suidae
1104 3365 1135 3423 in
1157 3364 1308 3445 catalogo.

167 3465 332 3549 Didymum
359 3489 432 3528 vero
459 3488 515 3529 sex
542 3467 635 3527 libros
662 3476 766 3527 contra
791 3465 969 3527 Ciceronem
993 3466 1151 3545 scripsisse
1177 3474 1308 3526 testatur

167 3568 342 3631 Ammianus
355 3570 554 3630 Marcellinus
572 3570 670 3629 XXII
696 3579 745 3643 16,
769 3578 816 3632 16:
851 3574 921 3627 inter
941 3586 1009 3643 qeins
1030 3570 1225 3629 Chalcenterus
1242 3573 1307 3629 emi·

167 3676 225 3731 seit
236 3676 375 3748 Didymus
386 3677 542 3747 miritiplicis
556 3676 686 3730 scientiae
701 3676 780 3746 copia
797 3670 855 3749 (sic
870 3671 910 3730 Μ.
924 3667 1126 3729 Schmidtius:
1148 3675 1222 3746 copti
1238 3670 1306 3731 cod.

167 3777 276 3850 scriptis
290 3772 448 3852 Valesius)
468 3776 663 3833 memorabilis:
679 3778 727 3849 qui
742 3779 770 3830 in
786 3776 837 3830 iliis
853 3790 906 3829 ses:
920 3775 1010 3842 libris,
1027 3775 1072 3829 irbi
1088 3793 1143 3830 uos
1158 3792 1307 3850 rrumqaem

169 3878 325 3951 imperfecte
341 3878 366 3934 Τ
364 3881 456 3936 ullium
469 3877 646 3950 reprehendit
661 3876 843 3950 silloqruphos
857 3877 975 3931 imitatas
987 3877 1139 3948 scriptores
1153 3876 1312 3932 maledicos

168 3979 263 4037 indiciis
273 3980 417 4037 docturum
433 3982 542 4036 uarium
562 3981 706 4035 incusatur
722 3984 752 4033 ut
770 3979 900 4032 iminorria
914 3976 1076 4049 frementem
1091 3979 1194 4032 leonem
1211 3982 1308 4047 putre·

169 4080 238 4138 dalis
243 4082 450 4139 ιιοολὸιιιοαιιιιο
460 4083 566 4139 rotulus
576 4083 680 4152 tenuius
691 4082 913 4135 chremisa-ons.
921 4095 1017 4155 ,quem
1023 4075 1151 4137 Suetoni
1163 4074 1308 4152 scriptum

170 4198 256 4243 nosse
271 4179 368 4242 verba
381 4181 475 4261 ipsius
489 4184 586 4240 iudicio
603 4183 744 4237 doctarum
759 4183 868 4235 curium
884 4182 1028 4236 inerrsotur
1042 4175 1133 4236 fidem
1152 4174 1277 4257 faciunt
1360 4251 1364 4260 Ι

247 4281 376 4365 Didymi
394 4293 494 4341 autem
512 4282 588 4341 liber
607 4281 698 4340 etiarn
719 4276 832 4339 Suidnc
851 4280 969 4339 auctori
984 4278 1155 4338 innotuisse
1176 4274 1307 4349 videtur,

170 4402 255 4465 quem
266 4392 390 4445 secutus
403 4384 455 4443 illo
469 4384 546 4445 haec
557 4383 692 4460 scripsit:
712 4377 841 4456 Δίδυμος
854 4374 993 4456 Alcinoo
1006 4366 1210 4457 ταριχοπώλου
1228 4363 1308 4435 Ἀλε-

1036 4475 1099 4539 30*
