2964 5002
178 359 240 426 210
684 374 818 420 enervis

34 513 36 517 ¹
70 512 169 588 132*
263 526 358 588 Luna
378 522 471 609 larga
494 532 545 587 est
566 524 649 587 roris
679 533 712 587 et
739 525 806 588 dux
828 524 1031 589 humentium
1054 525 1324 591 substantiarum.

179 628 257 690 luna
286 634 453 689 crescente
488 646 600 689 omnes
628 625 754 690 finctus
777 634 930 690 crescunt
955 626 1062 713 adque
1089 648 1129 690 ea
1155 627 1326 693 minuente

178 729 379 792 minuuntur.

69 891 170 965 133*
263 894 394 983 Septem
417 896 539 961 formas
561 893 662 959 habet
683 893 776 959 luna:
799 896 937 984 primam
952 896 1039 960 enim
1059 895 1200 980 figuram
1217 897 1325 964 bicor·

177 1021 251 1063 nem
273 998 372 1062 habet
393 1000 455 1062 ita:
490 1005 530 1078 b,
554 997 729 1061 secundam
754 997 901 1062 sectilem
928 995 1029 1060 babet
1054 998 1100 1060 ita
1125 997 1164 1080 D,
1191 1000 1347 1066 tertiams

178 1099 347 1164 dimidiam
366 1103 424 1185 (ex
444 1098 698 1182 maiorel'babet
719 1101 765 1163 ita
789 1095 839 1175 t),
862 1106 1010 1184 quartam
1031 1097 1169 1183 figuram
1191 1100 1326 1187 plenam

176 1203 223 1265 ita
245 1201 288 1270 O.
339 1202 485 1288 quintam
507 1202 625 1265 iterum
651 1199 820 1265 dimidiam
844 1221 885 1264 ex
908 1199 1030 1264 maiore
1052 1201 1099 1263 ita
1120 1201 1171 1285 (l),
1194 1213 1325 1269 sextam

176 1286 295 1367 iterum
326 1302 470 1367 sectilem
500 1304 546 1366 ita
578 1309 623 1384 (1,
651 1302 821 1387 septimam
849 1300 996 1386 (iterum)
1025 1301 1193 1366 bicornem
1224 1305 1326 1371 babet

176 1406 222 1468 ita
245 1411 280 1483 (ζ.
321 1404 458 1490 septima
487 1414 595 1468 autem
624 1405 722 1466 semis
749 1410 781 1465 et
807 1402 967 1465 uicesima
993 1402 1137 1467 secunda
1167 1407 1267 1472 semis
1289 1409 1324 1473 in

176 1527 234 1570 suo
257 1505 334 1571 orbe
357 1490 486 1569 mediae
508 1514 593 1568 sunt.
638 1513 765 1568 ceterae
787 1502 1045 1589 proportionales
1071 1514 1157 1572 sunt.
1333 1518 1358 1560 ¹⁰

175 1660 293 1711 ecyyce.
316 1635 509 1708 Ἡράκλειτος,
529 1641 584 1707 γῆν
605 1636 709 1707 ὁμίχλῃ
726 1634 979 1707 περιειλημμένην.
1004 1635 1196 1709 Πυθαγόρας,
1213 1662 1323 1699 satu·

175 1705 302 1779 ceosrdle
318 1711 398 1777 σῶμα
417 1709 467 1776 τῆς
485 1705 614 1775 σελήνης.

263 1776 331 1832 132*
343 1780 466 1829 Isidorus
477 1779 510 1828 de
521 1782 623 1827 natura
633 1792 723 1827 rernm
733 1777 826 1826 XVIII
838 1775 919 1826 5-o:
934 1776 1073 1828 ‘Ceterum
1085 1786 1219 1845 quantum
1233 1785 1270 1835 ad
1282 1785 1321 1836 in·

176 1849 318 1899 tellectum
330 1848 452 1912 pertinet
464 1846 618 1910 mysticum,
638 1845 705 1893 luna
717 1844 798 1894 liuius
811 1845 905 1894 mundi
917 1847 1040 1910 speciem
1050 1852 1142 1910 tenet,
1163 1850 1231 1914 quin
1248 1854 1323 1903 sicut

174 1917 229 1965 ista
244 1915 391 1966 menstruis
407 1912 627 1978 conpletionibns
642 1911 750 1969 deficit,
767 1913 807 1961 Ita
823 1912 938 1962 mundus
954 1914 989 1963 ad
999 1914 1204 1979 conpletionem
1217 1926 1320 1985 tempo-

175 1999 232 2033 rum
243 1999 356 2033 currens
366 1982 515 2031 cotidianis
525 1981 682 2030 defectibus
693 1979 778 2028 cadit,
802 1979 869 2029 lune
880 1982 980 2047 quippe
992 1981 1118 2033 climenti
1127 1985 1172 2033 sui
1180 1987 1320 2039 uarietate

174 2051 292 2101 diuersis
310 2050 436 2100 cursibus
451 2049 554 2098 desinit
568 2053 600 2097 ut
616 2053 726 2097 crescat
740 2049 842 2096 crescit
857 2054 888 2097 ut
899 2048 1023 2099 desinat:
1046 2051 1095 2100 sed
1116 2052 1179 2103 ideo
1204 2055 1321 2107 alternis

174 2119 282 2169 uicibus
293 2117 534 2177 commutationem
544 2116 644 2165 sideris
653 2119 855 2180 repraesentat,
863 2122 894 2164 ut
902 2115 1003 2166 doceat
1012 2117 1138 2169 homines
1148 2137 1183 2170 ex
1192 2127 1255 2173 ortu
1264 2138 1320 2174 rno-

173 2187 275 2236 rituros
294 2192 321 2235 et
340 2202 373 2236 ex
392 2191 479 2235 morte
497 2185 633 2245 uicturos3
653 2183 742 2247 adque
762 2183 824 2232 idco
837 2198 899 2233 curn
911 2185 1034 2235 senescit
1046 2192 1163 2237 mortem
1175 2205 1320 2255 corporum

174 2254 273 2318 prodit,
294 2270 356 2303 cum
374 2258 492 2319 augetur
510 2252 708 2302 aeternItatem
726 2251 832 2300 iudicat
850 2252 1013 2302 animarum.
1036 2269 1241 2321 nonnumquam
1253 2274 1320 2310 uero

175 2322 272 2371 eadem
290 2323 356 2371 luna
375 2322 459 2370 ctiam
479 2319 601 2369 ecclesia
619 2318 772 2383 accipitur,
791 2334 839 2383 pro
859 2334 892 2368 eo
911 2321 983 2383 quod
999 2321 1041 2371 sic
1059 2322 1115 2372 ista
1134 2339 1151 2373 a
1169 2324 1229 2375 sele
1247 2328 1321 2379 sieut

174 2388 296 2439 ecelesia
315 2404 331 2439 a
350 2386 461 2439 Christo
478 2386 668 2437 inluminatur.
708 2387 872 2435 sicutenim
893 2385 961 2437 luna
985 2391 1088 2439 crescit
1106 2391 1195 2456 adque
1215 2393 1321 2459 deficit,

174 2458 215 2507 ita
234 2457 357 2507 eeclesia
375 2456 502 2506 deiectus
517 2454 610 2505 *habet
634 2459 662 2504 et
685 2458 769 2505 ortus.
806 2453 966 2518 frequenter
989 2457 1061 2506 enirn
1085 2458 1245 2511 defectibus
1262 2464 1321 2513 suis

174 2526 264 2575 creuit
282 2524 370 2574 ethis
388 2524 487 2573 incutit
505 2521 646 2587 arrrpliari‚
672 2521 735 2571 dum
760 2523 1001 2586 persecutionibus
1018 2525 1151 2575 minuitur
1169 2533 1198 2578 et
1210 2530 1321 2581 confes·

173 2608 264 2642 sorum
280 2594 411 2656 martyrio
431 2595 586 2641 coronatur.
622 2591 690 2639 item
708 2589 782 2638 sicut
799 2588 878 2638 luna
902 2589 1002 2655 largn
1021 2599 1075 2641 est
1093 2596 1184 2644 roris
1204 2603 1239 2647 et
1256 2599 1321 2649 dux

153 2651 383 2709 'humentium
408 2658 697 2719 substantiarum,
722 2657 762 2705 ita
786 2655 907 2706 ecclesie
929 2658 1060 2724 baptismi
1084 2668 1113 2710 et
1130 2664 1320 2728 praedieatio-

173 2744 249 2777 num:
270 2733 299 2776 et
317 2726 543 2792 qnerrmdmedum
560 2726 642 2774 luna
662 2730 843 2773 crescente
929 2727 1136 2790 minuuntur,
1161 2747 1216 2781 non
1236 2733 1321 2784 aliter

173 2795 360 2858 intellegimus
374 2799 401 2842 et
420 2794 577 2854 ecclesiam,
598 2794 626 2840 in
641 2793 718 2841 cuius
732 2792 903 2842 incremento
915 2794 1072 2858 premimus
1086 2814 1147 2847 cunr
1161 2801 1237 2865 ipsa;
1257 2818 1319 2853 eum

173 2878 239 2911 uero
251 2862 472 2926 persecutionem
491 2862 597 2926 patitur
616 2866 643 2908 et
661 2860 802 2919 minuitur,
823 2865 851 2907 et
868 2876 918 2909 nos
937 2877 998 2911 cum
1017 2863 1067 2913 illa
1085 2868 1208 2929 patimur
1221 2874 1250 2918 ct
1267 2871 1320 2921 mi·

172 2927 299 2979 nuimnr.'
340 2930 500 2978 Arubrosius
518 2929 580 2977 hex.
599 2928 655 2976 1111
674 2925 703 2987 8,
724 2927 769 2976 3⁵2:
799 2928 984 2992 ‘I’rospicieus
1008 2946 1073 2994 crgo
1098 2935 1222 2986 eeclesia
1244 2938 1319 2988 sicut

173 2998 238 3047 luna
256 2996 413 3045 defectibus
431 2997 488 3046 suis
508 2996 597 3045 creuit
615 3000 643 3043 et
661 2995 704 3043 bis
723 2994 822 3048 meruit
841 2996 977 3060 arupliari‚
996 2998 1060 3047 dum
1072 3005 1320 3064 persecutionibm

172 3064 303 3114 minuitur
321 3071 349 3114 et
368 3065 554 3113 confessorum
573 3063 712 3126 nrartyriis
731 3061 897 3112 coronetur!
923 3065 980 3114 IIII
997 3065 1022 3127 7,
1040 3066 1070 3117 3:
1107 3070 1180 3119 ‘nam
1205 3079 1234 3122 et
1257 3074 1319 3139 ipsa

173 3133 238 3182 lune
256 3130 335 3196 large
354 3133 423 3181 roris
443 3129 594 3181 asseritur)

258 3197 328 3255 133*
345 3200 467 3250 Isidorus
479 3200 512 3248 de
526 3204 626 3249 tratura
639 3213 728 3247 rerum
741 3197 848 3259 XVIII,
862 3198 890 3247 7:
911 3198 990 3249 ‘Item
1009 3202 1083 3252 sieut
1099 3212 1232 3270 septem
1250 3209 1319 3261 ier.

172 3285 239 3317 nias
258 3268 363 3317 lrnbet
382 3267 476 3328 lune,
496 3267 537 3316 sic
556 3272 598 3316 tot
616 3265 723 3330 gratias
741 3266 900 3314 meritorum
919 3268 1048 3319 ecclesia.
1080 3274 1226 3336 primam
1245 3279 1318 3328 enirn

171 3336 184 3384 I
190 3337 263 3399 igur
272 3353 319 3386 am
339 3335 418 3384 luna
495 3336 555 3383 ita.
584 3333 679 3382 eodem
692 3338 803 3382 constat
816 3349 928 3384 numero
940 3337 1025 3386 otiam
1037 3339 1198 3394 distributio
1212 3344 1318 3395 cbaris-

171 3411 282 3462 matum,
302 3419 372 3468 qnae
384 3420 433 3468 per
445 3403 572 3467 spiritum
584 3406 710 3451 sanctum
724 3401 776 3450 toti
790 3401 929 3450 ecclesiae
943 3406 1129 3457 conferuntur.
1165 3413 1319 3477 septima

171 3477 283 3521 nutem
360 3470 455 3520 sunt!
485 3470 607 3520 Isidorus
625 3470 714 3532 origg.
730 3468 824 3519 11153.
847 3470 966 3520 Easdem
978 3480 1084 3538 septem
1098 3470 1201 3541 φάσεις
1218 3497 1319 3547 agnos.

168 3541 208 3589 cit
225 3540 384 3589 Mac-rebius
403 3555 500 3589 comm.
518 3538 531 3587 I
548 3536 578 3599 o,
598 3536 638 3586 55.

1160 3624 1174 3651 ll

253 3652 402 3720 s'freetiA
415 3661 523 3718 flnctus
536 3664 610 3716 ceni.
622 3661 763 3715 Arcesius
778 3653 791 3737 Η
807 3668 949 3718 crescunt
960 3661 986 3719 ab
996 3662 1060 3724 orbs
1068 3664 1184 3726 fructos
1197 3671 1226 3726 B
1239 3663 1253 3752 Η
1270 3671 1317 3730 ἰιι·

167 3756 259 3804 uento
277 3743 315 3802 Β1
339 3742 352 3826 Η
374 3747 503 3824 aprima
519 3747 573 3801 AB
593 3739 605 3826 Η
627 3743 781 3801 bicornem
795 3741 888 3801 habet
904 3744 946 3802 ite
960 3754 1083 3822 serapti:
1099 3751 1193 3811 babet
1208 3755 1252 3813 ita
1271 3755 1316 3814 bi-

170 3832 273 3889 eernie
289 3827 326 3887 13¹
341 3829 435 3889 habet
456 3830 498 3886 ita
513 3828 658 3888 bicemua
674 3822 713 3883 B²
729 3825 823 3884 habet
844 3829 887 3885 ita
902 3834 926 3886 Α
939 3829 953 3911 Η
966 3836 1081 3907 (iperet
1094 3838 1174 3910 false
1188 3842 1218 3896 θη
1235 3843 1319 3899 libris

162 3920 260 3986 pietas
276 3924 304 3972 et
314 3916 391 3989 sulm
404 3936 421 3971 e
437 3915 569 3971 Beckero
584 3921 732 3973 correctos
747 3915 897 3970 estendam*
908 3909 922 3997 Η
937 3930 953 3980 ὁ
969 3919 1109 3979 secunda
1123 3923 1178 3979 AB
1193 3918 1206 4004 Η
1221 3923 1318 3984 babet

167 4019 221 4056 our.
241 4002 266 4055 B
282 3999 294 4077 Η
309 4000 400 4057 tertia
415 4002 469 4056 AB
483 3995 495 4077 Η
512 4007 527 4059 6
549 3998 712 4058 dimediam
731 3999 755 4053 Α
773 3996 906 4056 dimediri
921 4005 949 4059 B
964 3998 977 4084 Η
993 4024 1031 4063 ex
1054 4007 1168 4066 maiore
1187 4013 1288 4068 addidi
1302 4006 1315 4093 Η

167 4082 260 4142 babet
283 4104 338 4141 orn.
360 4087 387 4139 B
401 4078 415 4164 Η
431 4094 539 4162 quarta
555 4087 608 4140 ΑΒ
623 4078 636 4165 Η
651 4093 666 4147 7
683 4080 778 4138 habet
796 4082 837 4139 ita
851 4085 879 4138 B
894 4081 907 4167 Η
922 4090 1029 4166 quinta
1050 4094 1104 4148 AB
1119 4087 1133 4174 Η
1149 4091 1316 4154 dimediam

167 4214 219 4299 ΑΗ
235 4176 347 4277 urniorle
364 4223 388 4275 Α
408 4213 421 4299 Η
442 4228 530 4276 sexta
545 4224 598 4276 ΑΒ
619 4216 632 4302 Η
652 4215 814 4293 sseptima
834 4225 888 4277 AB
909 4218 922 4303 Η
938 4225 1045 4284 iterum
1061 4231 1161 4286 orldidi
1180 4223 1194 4309 Η
1215 4228 1316 4289 bicor·

166 4322 235 4360 uam
253 4299 289 4358 13¹
301 4303 446 4361 bicornem
461 4299 501 4359 13²
522 4299 535 4383 Η
555 4305 648 4363 babet
662 4325 714 4363 om.
734 4299 783 4381 ΒΗ
796 4317 813 4370 9
827 4310 958 4386 septima
969 4320 1084 4369 -sunt
1096 4331 1151 4370 om.
1168 4320 1193 4371 A
1208 4309 1222 4397 Η
1238 4316 1315 4372 uice-

167 4386 243 4444 sima
260 4390 289 4442 B
308 4384 322 4468 Η
345 4400 376 4450 10
394 4387 495 4446 morlia
514 4399 560 4447 est
573 4394 714 4450 Arrenius
729 4380 743 4465 Η
756 4394 970 4470 ‹l‘pmtioneles
989 4400 1017 4454 B
