2964 5002
493 350 520 390 F.
536 348 717 392 clusoriam
734 350 974 394 COMMENTARIVS

318 501 422 591 Quinto
440 504 501 559 loco
518 508 583 559 actu
599 502 743 575 Adelphos
754 506 891 576 plausum
905 508 999 563 itidem
1020 509 1101 564 tulit:

233 596 238 605 '
318 603 437 660 Simitur
455 606 575 661 Hecura
591 612 675 661 seule
692 608 841 668 exclusust
852 607 965 680 fabula.

165 704 270 765 Mirari
296 724 372 763 sane
394 705 467 763 lic-et
493 705 661 765 secundam
688 708 789 784 potius
812 708 956 787 Hecyrae
978 710 1131 768 actionem
1150 729 1169 767 a
1190 710 1300 770 Volca-

166 806 207 865 tio
228 816 424 865 memoratam
447 827 537 885 quam
559 808 679 866 tertiam
701 828 761 888 qua
782 809 893 887 placita
909 819 957 869 est
971 809 1076 869 fabula
1096 810 1300 877 testedidas-
1343 854 1347 862 .

166 907 260 975 celia,
287 928 353 966 curn
378 907 456 966 ludis
480 906 640 985 (Romanis
660 918 693 968 ut
713 908 847 986 videtur)
870 931 888 968 a
910 912 949 989 Q.
964 912 1075 971 Fulvio
1091 911 1248 971 Nobiliore
1263 913 1300 971 L.

165 1010 280 1069 Marcio
298 1008 468 1073 Censorino
483 996 634 1069 aedilibus
656 1010 806 1071 curulibus
828 1012 919 1071 factis
940 1012 1041 1072 denuo
1063 1014 1161 1073 relata
1183 1024 1229 1072 est
1251 1033 1300 1073 eo·
1369 1074 1379 1090 ,,

167 1109 236 1170 dem
252 1131 334 1170 anno
350 1119 410 1175 594.
454 1112 568 1172 Verum
583 1132 645 1180 non
663 1122 709 1171 est
729 1122 831 1171 tamon
851 1113 939 1172 nimis
962 1114 1133 1174 mirandum
1149 1113 1301 1194 quaedam

166 1213 198 1273 in
224 1212 284 1272 hoo
305 1233 419 1290 genere
445 1223 566 1272 veteres
587 1214 657 1273 illos
679 1214 926 1293 pinacograpbos
952 1217 1066 1275 saeculi
1092 1227 1141 1273 v11
1167 1217 1300 1293 fugisse:

169 1314 252 1393 (nam
267 1314 343 1373 illud
361 1294 407 1373 de
418 1323 467 1373 ter
482 1323 549 1373 aeta
564 1316 691 1393 Hecyra
712 1315 771 1373 nisi
793 1316 922 1394 fugisset
936 1318 1123 1391 Volcatium,
1146 1338 1208 1377 non
1229 1338 1299 1397 pro·

166 1417 246 1476 fecto
263 1417 366 1475 sicuti
380 1417 454 1476 fecit
468 1415 670 1495 scripsissem)
689 1436 778 1495 quam
795 1418 875 1476 enim
891 1438 950 1477 nec
965 1428 1048 1478 certa
1069 1440 1128 1479 nec
1148 1419 1205 1478 sibi
1228 1440 1300 1478 eon·

95 1522 98 1527 ’
167 1528 252 1578 stans
267 1519 412 1577 memoria
426 1519 480 1576 illa
495 1517 592 1576 omnis
608 1517 794 1604 didascalica
809 1519 915 1592 suerit,
938 1541 1004 1579 curn
1025 1521 1093 1580 aliis
1110 1521 1300 1581 documentis

167 1631 311 1701 apparet,
338 1629 401 1678 tum
428 1640 466 1678 ex
488 1620 532 1678 eie
558 1620 752 1697 cognoscitur
773 1621 911 1698 quaeda
938 1621 1105 1681 earundem
1130 1623 1302 1682 fabularum

168 1722 293 1781 duarum
315 1720 503 1800 temporibus
526 1720 571 1800 (in
587 1721 634 1779 his
649 1729 682 1779 ut
697 1741 779 1779 nurrc
794 1721 969 1799 subsistunt)
992 1725 1024 1782 in
1040 1723 1217 1782 didascaliis
1233 1723 1301 1782 libri

110 1854 116 1865 ·
167 1822 307 1883 Bembini
322 1822 445 1902 prodita
460 1831 540 1881 sunt.
584 1823 698 1881 Levius
713 1822 813 1881 videri
835 1833 937 1902 potest
953 1824 1035 1904 quod
1052 1824 1107 1898 ibi,
1130 1845 1254 1903 prorsus
1268 1834 1303 1884 ut

168 1926 248 2004 apud
263 1926 434 1997 Donatum,
458 1925 581 1983 inverso
603 1922 711 1983 ordine
728 1926 836 2004 quinta
856 1925 962 1985 fabula
976 1927 1102 2005 Hecyra
1116 1935 1300 1996 numeratur,

167 2027 332 2107 Adelphos
347 2034 450 2085 sexta:
467 2046 546 2106 quae
562 2026 587 2083 si
604 2025 714 2085 eodem
729 2046 812 2084 anno
833 2027 1011 2106 eisdemque
1027 2027 1106 2087 ludis
1122 2027 1302 2088 funebribus

169 2128 365 2201 docebantur,
383 2126 509 2187 liberum
524 2147 600 2186 sane
617 2137 682 2186 erat
696 2136 764 2187 utra
779 2128 864 2206 prior
879 2139 1099 2197 numeraretur,
1114 2140 1183 2189 utra
1199 2138 1302 2209 poste·

167 2231 236 2291 rior.
268 2229 473 2309 Quamquam
488 2230 540 2289 vel
554 2229 597 2289 sic
612 2238 714 2288 tamen
731 2249 832 2289 rursus
848 2230 957 2287 mirere
974 2229 1047 2307 quid
1071 2231 1111 2288 sit
1132 2251 1185 2289 cur
1198 2233 1302 2310 potins

168 2352 229 2393 non
245 2341 373 2412 peracta
386 2329 491 2390 fabula
506 2324 686 2411 respicietur
701 2351 791 2410 quarn
812 2339 939 2410 peraeta
960 2350 1040 2409 quae
1061 2340 1181 2389 sextum
1204 2333 1302 2391 locum

167 2433 307 2494 tuebatur
322 2434 396 2493 citra
411 2434 660 2509 controversiam.
704 2434 818 2492 Verum
833 2433 926 2509 longe
941 2432 1063 2510 gravius
1080 2431 1223 2511 estquod
1241 2453 1299 2489 om·

168 2536 240 2596 nino
259 2536 351 2594 aliam
366 2555 489 2614 prorsus
509 2535 661 2594 rationem
682 2533 865 2594 numerandi
884 2532 1051 2593 Bembinus
1077 2532 1178 2591 codex
1199 2533 1301 2612 sequi-

167 2646 226 2712 tur,
244 2638 360 2718 quippe
377 2637 505 2716 quinon
522 2646 605 2694 actas
621 2636 740 2695 fabulas
755 2644 788 2694 ut
803 2635 974 2708 Volcatius,
992 2634 1048 2694 sed
1066 2635 1180 2693 ‘lactas'
1197 2653 1300 2692 nerme-

167 2749 227 2799 ret:
253 2738 356 2818 quode
377 2736 513 2817 pluribus
536 2739 708 2816 expositum
733 2746 780 2797 est
795 2738 921 2815 Parerg.
943 2758 974 2816 p.
995 2745 1047 2799 263
1067 2756 1136 2815 sqq.
1181 2734 1300 2813 Quodsi

168 2842 345 2921 plerumque
367 2860 443 2899 sane
459 2860 521 2898 non
538 2839 663 2898 diversa
684 2841 808 2899 fuerunt
828 2839 975 2898 factarum
996 2848 1193 2917 acturumque
1214 2835 1300 2895 fabu-

168 2943 261 3004 larum
275 2951 427 3021 tempora,
450 2949 481 2999 at
501 2942 664 3019 singularis
685 2942 743 3000 luit
764 2942 859 3021 ipsius
875 2941 1020 3019 Hecyrae
1042 2939 1198 2999 condicio:
1223 2958 1303 3018 quae

168 3046 193 3105 si
217 3046 276 3104 iarn
302 3064 384 3103 anno
411 3051 462 3106 589
488 3052 555 3101 acta
582 3052 628 3102 est
653 3044 704 3102 vel
724 3043 833 3103 saltem
853 3042 904 3120 agi
925 3051 1049 3120 coepta,
1076 3043 1215 3120 profecto
1239 3061 1303 3100 non

169 3156 213 3207 cst
228 3148 337 3228 quinta
352 3166 369 3203 a
384 3155 477 3225 poeta
493 3147 589 3212 facta,
606 3143 662 3203 scd
677 3144 825 3204 secunda.
871 3144 1133 3203 Consentaneum
1145 3152 1192 3202 est
1213 3144 1304 3221 igitur

168 3248 243 3309 nibil
258 3248 297 3308 de
314 3247 435 3307 actione
452 3248 506 3306 illa
521 3249 619 3326 prima
636 3247 664 3305 ei
687 3247 824 3326 quisquis
846 3245 904 3304 fuit
925 3246 1112 3321 innotuisse,
1136 3247 1188 3325 qui
1210 3246 1304 3306 faeta·

167 3370 229 3409 mm
257 3349 398 3409 ordinem
424 3350 456 3407 in
477 3348 629 3408 Bembino
651 3348 804 3427 proditum
827 3348 968 3406 instituit.
1014 3346 1173 3426 Similique
1199 3346 1304 3407 condi·

168 3452 253 3512 cione
269 3451 427 3511 Volcatius
442 3471 514 3510 usus
531 3460 562 3509 et
576 3452 705 3530 primam
721 3458 751 3507 et
766 3450 887 3508 tertiam
904 3448 1076 3527 ignorabat.
1342 3435 1345 3442 ¹

249 3555 350 3633 Quam
366 3562 467 3612 autem
482 3552 634 3611 concinna
649 3549 801 3611 brevitate
818 3553 849 3609 in
872 3550 950 3610 libro
973 3554 1018 3608 ‘de
1030 3549 1134 3624 poetis'
1155 3571 1209 3609 suo
1233 3548 1306 3627 (nec

168 3656 247 3715 enim
274 3655 313 3715 de
338 3655 400 3713 alio
427 3651 636 3731 cogitandum)
668 3653 826 3712 Volcatius
852 3652 1010 3730 Sedigitas
1037 3651 1194 3710 materiam
1222 3652 1305 3710 illurn

168 3777 301 3820 omnem.
324 3775 402 3836 quae
425 3756 465 3815 ad
489 3766 648 3836 poetamm
674 3764 704 3812 et
724 3755 804 3812 vitas
826 3762 857 3811 et
882 3755 996 3833 scripta
1022 3752 1197 3832 spectabat,
1226 3773 1305 3811 conr-

167 3860 274 3940 plexus
290 3859 345 3931 sit,
373 3879 440 3917 curn
459 3859 528 3938 ipsa
550 3858 589 3917 de
605 3859 731 3936 Hecyra
746 3856 893 3915 memoria
908 3857 962 3914 illa
978 3856 1092 3914 indicio
1110 3864 1170 3928 est,
1192 3863 1254 3913 turn
1276 3855 1304 3913 ei

169 3961 219 4041 qui
245 3959 285 4020 de
305 3970 401 4019 morte
423 3961 564 4019 Terentii
585 3970 647 4018 tres
669 3958 784 4027 senarii
804 3957 885 4015 infra
905 3958 998 4036 positi
1019 3966 1091 4016 suunt
1112 3977 1129 4014 a
1146 3956 1304 4027 Suetonio,

168 4071 228 4121 tum
243 4063 336 4139 longe
353 4061 593 4120 luculentissime
612 4061 796 4119 documento
817 4058 965 4117 tredecim
987 4059 1101 4118 senarii
1122 4058 1166 4116 illi
1183 4064 1306 4115 exstant

170 4164 308 4224 aGellio
334 4161 450 4240 proditi
471 4165 572 4241 capite
596 4171 631 4222 ‘24
652 4160 720 4220 libri
736 4172 799 4231 XV,
828 4159 936 4239 quibus
959 4159 1136 4219 comoediae
1159 4157 1304 4236 palliatae

171 4267 268 4342 poetis
284 4284 369 4323 suum
389 4264 518 4342 singulis
538 4266 668 4343 pretium
690 4263 841 4322 statuitur.
886 4259 978 4320 Vnde
999 4279 1122 4341 prorsus
1146 4255 1304 4337 probabile

171 4364 246 4424 sitin
260 4365 422 4426 tractando
439 4376 618 4445 argumento
636 4365 808 4444 Sedigitum
830 4362 862 4422 id
884 4362 1002 4422 consilii
1025 4368 1160 4420 secutum
1181 4378 1249 4418 esse
1270 4366 1305 4419 ut
