2964 5002
391 395 419 435 s.
434 392 619 437 nissensnu
638 393 889 438 consensumve
1149 377 1210 440 533

75 566 150 607 mus.
187 547 229 606 Et
249 555 352 606 tamen
374 545 413 605 ab
434 548 489 606 illa
511 548 728 607 emendatione
744 549 897 627 perfacilis
914 548 955 607 ad
968 549 1130 608 veritatem
1145 549 1212 608 adi·

74 658 123 709 tus
145 656 220 709 erat.
256 650 337 710 Nam
357 649 436 707 nihil
458 669 534 708 sane
558 648 642 708 uliud
663 651 697 709 in
717 660 851 711 monstro
874 651 1042 730 scripturae
1063 654 1212 710 retentetur

76 750 162 831 (hine
177 751 260 810 enim
281 750 548 831 proficiscendum,
570 772 634 810 non
656 771 675 811 a
695 754 885 813 noviciorum
906 751 1045 812 codicum
1064 743 1212 812 memorie

75 851 289 932 recensentibus)
313 855 372 914 nisi
387 855 528 913 Terentii
549 847 663 914 nomen
686 854 822 916 delituit:
845 853 878 915 id
900 854 983 936 qnod
1006 856 1067 914 ism
1086 856 1112 915 is
1129 855 1210 937 quis·

76 957 142 1037 quis
158 956 216 1017 fuit
230 957 335 1030 sensit,
352 957 436 1016 cuius
450 977 543 1016 mann
557 958 674 1016 recenti
690 957 876 1038 adscriptum
892 968 939 1018 est
953 960 986 1018 in
1001 959 1139 1037 margine
1151 959 1210 1018 Pa·

74 1059 162 1120 risini
177 1064 316 1149 terentiae.
353 1058 421 1118 Nisi
443 1058 527 1139 quod
542 1057 618 1118 illud
633 1080 697 1119 non
714 1081 730 1119 e
745 1074 837 1120 versu
851 1063 949 1140 primo
967 1061 1026 1120 huc
1045 1069 1092 1121 est
1106 1062 1210 1141 aliquo

77 1181 147 1221 eaen
164 1160 311 1240 delatum,
335 1181 414 1242 quae
431 1161 580 1241 Scaligeri
595 1182 681 1221 mens
698 1164 769 1236 fuit,
793 1161 849 1222 sed
865 1162 971 1222 sedem
987 1163 1119 1223 suumin
1135 1165 1211 1224 alte·

75 1264 137 1324 rius
159 1264 311 1344 principio
333 1263 513 1344 occupabat.
551 1263 602 1324 Sic
618 1265 713 1337 enim,
738 1266 798 1325 nisi
817 1267 919 1325 omnia
934 1266 1059 1338 fallunt,
1078 1267 1210 1347 antiqui·

75 1372 122 1426 tus
137 1367 282 1446 scripturn
294 1368 367 1428 fuit:
390 1369 465 1424 Tune
476 1385 549 1441 quae
558 1375 697 1425 emuntur
704 1370 828 1442 subulae,
839 1372 952 1427 caiaene
964 1376 1037 1442 sunt,
1052 1363 1067 1450 Η
1084 1371 1211 1427 Terenti?

75 1486 130 1527 non
147 1471 209 1539 heir,
224 1473 288 1528 iura
301 1474 350 1544 qui
357 1473 471 1544 populis
485 1472 583 1542 dabat,
600 1489 627 1528 e.
644 1491 674 1550 q.
691 1491 714 1530 s.
751 1470 837 1531 Nihil
852 1472 884 1530 in
900 1471 958 1530 hoe
974 1472 1115 1553 exemplo
1129 1470 1210 1531 ultra

76 1580 221 1632 mutatum
236 1580 360 1651 praeter
374 1569 477 1646 libros,
492 1571 552 1630 nisi
568 1570 651 1651 qnod
665 1572 890 1633 modestissima
902 1573 1027 1634 duarum
1042 1576 1212 1635 litterarum

76 1676 253 1734 accessione
268 1678 382 1732 enicem
396 1694 462 1746 cnm
477 1674 590 1734 Bothio
606 1674 719 1734 factum
735 1685 781 1735 est
797 1695 813 1734 e
828 1680 921 1748 uriae,
939 1676 1124 1737 modestiore
1139 1696 1210 1757 pro·

76 1777 155 1839 fecto
173 1797 264 1857 qnam
279 1796 339 1857 qua
353 1776 405 1836 vel
419 1781 497 1835 cuius
510 1780 654 1835 canterdo
668 1778 813 1839 Erasmus
829 1777 979 1839 suadebat
999 1781 1051 1839 vel
1066 1783 1110 1838 dic
1130 1782 1209 1838 euiu’

75 1888 138 1938 sunt
152 1877 408 1959 Oudendorpius:
431 1887 595 1960 praeterea
609 1879 702 1958 longe
717 1882 875 1941 lenissima
889 1883 1131 1963 transpositione
1146 1887 1210 1942 iure

75 1986 123 2057 pur·
133 1983 303 2062 repositum
319 2002 374 2061 pro
390 1985 438 2056 qui
450 1987 523 2054 iure.
544 2014 586 2025 -
605 1982 648 2041 At
663 1984 706 2042 ita
720 1984 807 2044 nulla
820 1986 855 2044 fit
870 1984 1022 2064 Scipionis
1038 1986 1167 2060 mentio,
1192 2006 1211 2046 a

77 2102 135 2164 qno
157 2071 255 2144 factas
270 2084 389 2144 fabulas
406 2082 542 2143 edidisse
557 2082 738 2144 Terentium
758 2087 808 2145 hic
823 2096 919 2168 poeta
933 2097 1061 2150 testatus
1078 2098 1143 2148 erat
1158 2108 1209 2149 au·

76 2195 157 2246 etore
173 2188 308 2247 Donato.
337 2188 484 2246 Fatemnr
497 2205 561 2244 non
576 2187 744 2246 nominari:
767 2208 832 2246 non
847 2191 984 2268 potuisse
1000 2192 1140 2270 intellegi
1156 2210 1209 2251 ne·

76 2307 191 2368 gamus.
241 2289 293 2349 An
319 2289 471 2349 nominari
498 2288 685 2362 contendes,
712 2290 739 2349 si
765 2289 953 2368 Scaligernm
979 2293 1076 2351 secuti
1100 2296 1211 2352 Publius

76 2391 293 2472 amplectamur
308 2412 364 2473 pro
382 2394 507 2466 populis,
530 2392 562 2449 in
578 2399 665 2450 tanta
681 2390 805 2472 quidem
819 2392 995 2452 Publiorum
1010 2394 1210 2473 frequentia?

75 2493 312 2554 Recordsndum
332 2503 379 2554 est
401 2503 502 2553 antem
524 2493 600 2553 duos
623 2512 692 2553 esse
715 2495 839 2553 omniuo
861 2515 879 2553 a
900 2495 1009 2574 quibus
1025 2494 1161 2554 adiutum
1176 2497 1209 2555 in
1284 2564 1290 2575 Ι

76 2595 239 2656 scribendo
254 2597 435 2656 Terentium
450 2596 532 2654 fama
547 2594 681 2670 ferebat,
703 2595 738 2655 C.
755 2596 894 2656 Laelium
916 2606 947 2657 et
963 2599 998 2656 P.
1016 2597 1208 2676 Scipionemt

76 2697 218 2778 equibus
233 2719 300 2757 cum
314 2699 367 2757 ille
382 2699 447 2757 iura
463 2699 584 2777 populis
601 2698 686 2757 nulla
706 2699 774 2757 ullis
797 2698 949 2773 dedisset,
974 2700 1051 2758 nihil
1071 2699 1209 2758 relietum

76 2809 140 2860 erat
155 2801 215 2860 uisi
229 2809 263 2859 ut
283 2800 321 2859 de
342 2820 404 2859 uno
420 2799 567 2879 Scipione
589 2801 782 2879 cogitaretur.
819 2802 957 2882 Eiusque
978 2803 1073 2881 ipsius
1095 2801 1209 2879 cogite·

74 2903 190 2963 tionem
211 2901 315 2982 paullo
339 2903 431 2961 etiam
451 2903 671 2982 promptiorem
692 2904 831 2982 proximo
853 2924 944 2967 versu
966 2905 1033 2965 fieri
1057 2912 1207 2984 putamus.
1277 2914 1280 2921 '

74 3005 123 3067 Ibi
139 3005 221 3065 enim
237 3002 320 3085 quod
336 3003 374 3062 ab
390 3005 477 3063 initio
493 3005 648 3083 proditum
665 3013 711 3064 cst
727 3012 834 3063 summo
848 3008 952 3065 honore
973 3007 1030 3066 etsi
1046 3005 1086 3065 ad
1102 3007 1210 3086 legiti-

74 3128 154 3168 mam
167 3126 340 3183 mensuram
353 3108 498 3166 Erasmus
513 3106 749 3186 transponendo
765 3109 936 3182 revocavit,
960 3110 1043 3169 cuius
1066 3108 1207 3189 exemplo

74 3214 187 3271 Honore
200 3229 305 3269 summo
319 3211 475 3288 vulgatur,
492 3219 594 3268 tamen
612 3209 686 3290 quid
701 3209 832 3289 impedit
847 3212 1008 3289 quominus
1024 3221 1145 3270 servato
1162 3232 1209 3270 or-

77 3311 150 3373 dine
164 3312 326 3372 verbornm
340 3311 535 3371 intercidisse
550 3312 652 3390 potius
673 3312 792 3393 aliquid
814 3313 1033 3386 existimemus,
1055 3313 1155 3372 hiatus
1175 3321 1209 3372 ut

75 3415 118 3474 sic·
133 3422 340 3475 removeatur:
364 3416 475 3472 Summo
497 3417 556 3471 ille
572 3415 677 3472 hortem
691 3417 810 3490 effectus
826 3414 888 3473 -l
908 3448 949 3456 -
970 3416 1027 3474 His
1051 3416 1142 3493 igitur
1162 3435 1208 3474 ar-

75 3519 227 3596 gumentis
249 3517 365 3576 moveri
386 3536 434 3575 me
450 3536 558 3596 passus
573 3536 640 3575 sum
654 3524 687 3575 ut
702 3517 837 3595 Vagellii
857 3517 1024 3577 versiculos
1040 3517 1117 3577 tales
1134 3536 1209 3598 qua·

75 3620 119 3680 les
136 3619 221 3679 edidi
236 3619 471 3692 conformarem,
487 3639 551 3677 non
567 3620 634 3677 sine
648 3638 705 3699 spe
720 3618 887 3697 indagatae
902 3619 1051 3679 veritatis.

157 3720 233 3799 Peg.
248 3720 333 3794 35,9
355 3720 437 3802 qnod
460 3721 586 3798 Parerg.
609 3742 639 3801 p.
661 3729 712 3785 325
735 3722 930 3780 ratiocinatus
954 3740 1019 3780 snm
1039 3724 1210 3795 Apollodoro

76 3825 205 3898 Carystio
221 3844 239 3881 a
253 3824 377 3882 Donato
393 3824 538 3902 seriptum
554 3843 637 3895 esse,
653 3822 727 3883 hinc
746 3833 780 3883 nt
803 3824 918 3904 duplex
939 3843 1051 3883 nomen
1066 3824 1099 3882 in
1114 3825 1209 3885 vitam

75 3924 309 3985 Ambrosianum
330 3926 501 3997 transierit,
529 3915 593 3984 cius
618 3945 667 3984 me
694 3926 888 3985 coniecturae
915 3945 955 3985 ne
981 3946 1062 3985 nune
1083 3925 1208 4006 quidem

75 4028 222 4108 paenitet.
258 4028 338 4087 Nam
352 4026 436 4086 unde
451 4026 577 4086 tandem
593 4028 652 4087 nisi
669 4047 708 4086 ex
722 4029 847 4087 Donato
862 4027 1003 4087 hausisse
1024 4027 1117 4086 medii
1138 4028 1208 4086 aovi

75 4130 253 4209 scriptorem
277 4130 367 4189 istum
391 4135 454 4189 tim
481 4129 662 4209 exquisitam
686 4130 861 4189 memoriam
887 4129 1074 4210 putabimus,
1107 4128 1207 4208 qualis

75 4232 152 4290 haee
168 4242 227 4306 est,
245 4232 417 4312 Carystinm
434 4251 516 4304 csse,
533 4253 596 4291 uon
613 4231 757 4303 Geloum,
781 4240 905 4310 poetam
928 4233 975 4290 eui
996 4251 1066 4291 sues
1086 4229 1206 4290 fabulas

77 4343 217 4413 acceptas
233 4336 362 4395 referret
377 4334 563 4393 Terentius?
600 4334 698 4413 Quam
714 4334 739 4392 si
755 4334 822 4413 quis
839 4353 878 4393 cx
892 4333 968 4409 ipsis
984 4332 1205 4390 commentariis

74 4433 191 4494 Donati
211 4445 332 4517 repetat
351 4437 383 4495 in
405 4415 560 4515 Hecyram
583 4445 613 4495 et
628 4435 842 4495 Phormionem
863 4432 1001 4512 scriptis,
1023 4453 1150 4514 quorum
1172 4434 1205 4491 iu
