2964 5002
140 359 205 423 tat
479 372 704 426 ovsasrroane
728 370 955 418 svarorraasa

143 531 309 592 Suetonius
331 526 500 617 adnotavit.
542 525 644 586 eidem
671 525 750 586 libro
776 524 970 587 restituenda·
996 533 1081 599 sunt,
1108 543 1189 605 quae
1213 522 1294 585 Gel-

144 632 203 692 lius
224 631 286 691 XV
308 637 357 703 28,
379 638 397 690 t
416 647 487 688 enm
516 626 596 688 falso
628 626 667 687 de
693 628 760 687 vita
782 624 942 688 Ciceronis
967 626 1129 705 scripsisse
1151 626 1294 686 Asconio

142 731 280 794 Pedium
304 737 428 790 auctore
449 730 571 790 monuit
615 728 674 789 hec
698 748 774 788 roro
796 726 974 789 Gallianum
1002 736 1096 808 caput
1122 735 1294 807 propterea

143 831 341 895 memorabile
364 839 426 904 est,
447 828 529 911 qnod
550 849 587 890 eo
608 850 681 910 pars
698 829 907 891 Suetouiauae
926 828 1085 902 Ciceronis
1106 831 1191 891 ritae
1212 847 1292 909 quo·

56 979 59 991 .
144 931 315 995 dammodo
324 932 569 1005 reconcinnetur.
584 931 770 992 refertenirn
781 931 913 1011 Nepotis
923 930 1293 992 ethnestellaeerrorea

29 1120 32 1121 7
144 1035 183 1096 de
197 1054 278 1099 anno
293 1033 420 1107 centis,
437 1052 498 1113 qno
508 1031 622 1094 Cicero
637 1034 765 1113 primam
786 1031 894 1092 iudicii
907 1031 1024 1114 publici
1041 1051 1165 1093 cauum
1179 1033 1290 1116 egerit

144 1139 206 1198 hm
223 1135 404 1211 Suetonius,
426 1143 460 1195 ut
480 1135 642 1213 conligitur
657 1155 698 1195 ex
716 1135 873 1215 excerptis
892 1132 1145 1214 Hierony-misnia
1165 1133 1291 1213 (fragm.

144 1238 201 1302 51*
216 1236 304 1316 bv),
328 1256 396 1296 cum
410 1235 541 1296 Pediaui
556 1237 672 1297 Ascani
690 1234 804 1297 iudicio
825 1235 995 1315 conspirat,
1019 1236 1073 1316 qui
1093 1235 1216 1295 illorum
1243 1253 1291 1293 er·

143 1359 229 1400 rores
248 1347 327 1398 teste
347 1335 450 1398 Gellio
471 1337 687 1417 castigaverat.
725 1345 760 1397 ut
778 1337 915 1417 suspicio
938 1334 1125 1409 suboriatur,
1152 1334 1292 1396 Gellium
1339 1318 1341 1325 ¹

144 1441 226 1502 hanc
238 1439 379 1505 notitiam
394 1458 434 1499 cx
451 1439 515 1500 vita
525 1435 714 1499 Suetonium
727 1440 760 1506 in
770 1438 873 1499 electa
884 1456 942 1499 sua
951 1438 1191 1517 transcripsisse.
1208 1455 1292 1518 quae

146 1562 184 1604 eo
198 1543 406 1616 confirmetur,
430 1538 513 1621 quod
534 1539 615 1600 idem
630 1539 752 1601 Gellius
771 1541 802 1600 in
823 1537 983 1619 deperdito
1002 1547 1111 1599 octavo
1128 1537 1208 1598 libro
1222 1538 1290 1618 ple·

38 1709 41 1725 ,
144 1645 286 1705 sissimus
300 1632 493 1702 narrationes
509 1639 548 1702 de
562 1639 695 1706 Laberio
709 1650 741 1702 et
760 1641 894 1702 Publilio
914 1640 1131 1720 mimographis
1151 1637 1291 1715 dederet,

146 1752 224 1827 quas
238 1742 413 1805 Macrobius
428 1751 594 1824 perpetuus
610 1737 826 1804 Gelliauarum
845 1743 1001 1824 copiarum
1022 1741 1179 1822 expilator
1200 1739 1291 1801 nobis

142 1846 288 1906 serravit
316 1845 367 1906 cai
376 1863 450 1905 sero
461 1840 580 1904 auctori
595 1844 673 1904 haee
684 1843 875 1920 restituenda
889 1845 965 1916 sint,
980 1863 1042 1904 non
1056 1841 1222 1904 admodum
1234 1841 1291 1902 du·
1338 1896 1341 1909 ,

144 1946 227 2007 bium
243 1965 312 2008 osae
327 1954 416 2025 puto,
433 1965 503 2005 cum
519 1944 558 2005 do
573 1964 677 2006 eorum
692 1946 756 2006 vita
770 1945 950 2008 Suetonium
966 1945 1126 2026 scripsisse
1141 1952 1291 2025 excerpta

142 2048 385 2128 Hieronymiaua
404 2046 521 2126 (fragm
540 2047 599 2111 lt*
615 2042 692 2127 w)
711 2046 804 2108 fidem
823 2048 950 2109 faciant.
987 2046 1045 2109 sed
1066 2039 1170 2107 tamen
1192 2047 1291 2107 satius

141 2149 259 2223 habai,
269 2169 338 2210 cum
352 2168 414 2208 non
428 2150 527 2208 omnis
541 2147 691 2210 dubitatio
706 2149 834 2210 enelusa
846 2151 902 2223 sit,
928 2149 1053 2211 ethaeo
1067 2156 1101 2209 et
1118 2147 1175 2209 illa
1190 2149 1222 2208 in
1237 2146 1291 2210 ed·

144 2252 301 2324 notatione
314 2248 466 2331 superiori
478 2250 664 2326 conlocasse,
680 2251 767 2312 caius
782 2270 985 2333 eaquaoque
998 2249 1100 2312 dotem
1115 2269 1184 2311 ease
1194 2249 1290 2324 volui,

145 2362 180 2414 at
198 2353 369 2432 conpositis
385 2352 584 2432 antiquorum
599 2352 781 2414 testimoniis
800 2359 909 2414 tenum
923 2352 1180 2414 Suetonimrorum
1196 2350 1289 2416 libra

144 2475 211 2515 ram
225 2454 375 2536 reliquiae
389 2453 595 2516 resarciantur
608 2462 641 2514 et
654 2453 788 2533 pleniori
802 2454 850 2521 illi
864 2455 1043 2530 memoriae,
1068 2454 1100 2514 in
1114 2454 1202 2514 euius
1217 2473 1290 2514 con·

56 2634 58 2639 .
145 2558 315 2618 tinuatione
331 2556 400 2616 olim
413 2556 519 2623 ,lectae
535 2555 662 2629 fuerim,
680 2555 765 2616 facili
779 2556 904 2633 negotio
916 2555 1179 2634 restituantarssl

228 2659 294 2718 Iam
316 2677 390 2718 sero
409 2657 462 2716 ubi
483 2666 623 2718 auctores
644 2657 695 2737 qui
715 2656 753 2717 de
772 2656 880 2717 eodem
902 2666 1080 2735 argumento
1101 2657 1198 2718 libros
1216 2677 1290 2717 eon·

145 2762 331 2840 scripserunt
345 2760 524 2820 Suetonium
546 2758 744 2831 deficiebant,
767 2757 902 2818 adducor
917 2759 983 2819 fere
998 2768 1032 2818 ut
1049 2758 1187 2831 credam,
1208 2760 1289 2819 vitas

146 2864 212 2922 eius
224 2883 284 2921 non
299 2861 359 2921 iam
376 2861 471 2921 fnisse
482 2860 564 2921 lecta
576 2860 630 2919 illa
644 2859 822 2920 eruditionis
835 2862 924 2940 copia
938 2862 1087 2938 insignes,
1100 2881 1192 2940 quam
1207 2864 1238 2921 in
1252 2881 1288 2920 eo

144 2962 218 3022 alibi
229 2962 418 3022 admiramur.
437 2963 553 3023 scilicet
564 2963 594 3021 in
608 2981 709 3021 eorum
725 2959 890 3022 Caesarum
900 2963 965 3021 vita
976 2964 1028 3042 qui
1039 2964 1165 3042 propius
1181 2962 1221 3022 ad
1237 2983 1290 3023 ae·

145 3075 238 3123 tatem
250 3065 376 3125 Suetoni
390 3063 540 3124 accedunt
551 3064 685 3124 fontibus
697 3064 786 3124 simul
798 3073 829 3123 et
839 3084 939 3124 rerum
952 3065 1042 3144 copia
1053 3063 1216 3125 destitutus
1230 3065 1289 3124 ari·

144 3165 214 3226 dius
240 3175 271 3225 et
294 3166 428 3226 sterilius
453 3167 597 3226 historiae
624 3165 864 3226 conscribendae
889 3185 987 3243 genus
1012 3176 1135 3227 secutus
1163 3177 1224 3242 est,
1256 3177 1290 3226 ut

145 3266 332 3328 Niebuhrius
357 3269 514 3328 verissime
534 3267 758 3327 animadvertit.
799 3268 881 3347 qued
903 3266 1026 3347 quidem
1051 3269 1094 3328 ita
1114 3247 1214 3348 accipi
1234 3290 1290 3328 no·

144 3368 207 3441 lim,
222 3370 311 3447 quasi
322 3369 520 3448 Tranquillus
534 3389 595 3428 non
611 3369 678 3447 ipse
693 3368 793 3429 denuo
812 3370 844 3428 in
859 3388 908 3429 res
922 3370 1129 3449 inquisiverit,
1151 3380 1185 3429 ut
1199 3390 1289 3448 prae·

142 3471 313 3531 termissam
329 3471 370 3532 ab
394 3471 462 3531 aliis
483 3470 522 3531 de
548 3471 746 3551 scriptoribus
774 3472 949 3531 memoriam
971 3470 1140 3550 indagaret.
1177 3470 1290 3531 sedat

144 3592 225 3631 nune
241 3593 291 3632 ros
308 3592 343 3632 se
359 3572 487 3646 habent,
512 3593 579 3633 cum
598 3574 743 3654 antiquae
766 3575 848 3633 vitae
867 3593 928 3633 non
949 3593 1041 3652 super
1062 3574 1137 3647 sint,
1158 3593 1289 3654 quarum

144 3675 361 3752 conparatione
377 3674 415 3734 de
433 3675 607 3754 Tranquilli
622 3695 715 3754 opera
733 3674 877 3735 iudicium
897 3675 965 3749 fiat,
979 3695 1035 3734 nos
1053 3675 1172 3735 nescim
1187 3676 1289 3736 lateu-

210 3822 234 3890 ΙΙ)
253 3825 359 3876 Ibidem
383 3827 466 3876 etiam
490 3825 548 3876 alia
570 3827 662 3891 posui,
688 3841 758 3891 quae
782 3826 811 3876 in
833 3828 911 3893 ipsas
935 3824 1069 3891 reliquias
1087 3826 1214 3892 recipere
1232 3842 1288 3878 non

144 3923 227 3961 ausus
246 3926 319 3972 sum3
354 3908 442 3960 veluti
460 3909 565 3974 Domiti
582 3911 668 3960 Marsi
692 3909 842 3974 querellam
862 3911 895 3961 de
920 3914 1006 3961 morte
1029 3909 1147 3973 Tibulli,
1174 3911 1208 3962 de
1233 3929 1289 3977 qua

143 4009 227 4061 supra
244 4010 270 4059 p.
290 3993 341 4044 380
358 4009 448 4043 sermo
467 3994 533 4056 luit,
554 3995 676 4045 eiusdem
695 3994 768 4046 Gelli
786 3996 972 4046 narrationem
991 3994 1024 4044 do
1043 3995 1168 4046 Pacuvio
1187 4000 1217 4045 et
1234 3997 1287 4046 Ac-

144 4082 186 4130 cio
205 4079 299 4130 xum
319 4080 355 4131 cf.
374 4079 474 4143 fragm.
496 4076 560 4142 ta*,
580 4079 771 4132 CassiDionis
789 4081 823 4131 de
836 4081 930 4131 Asinio
943 4080 1024 4130 Gallo
1043 4081 1230 4131 narrationem
1250 4082 1287 4132 cl.

143 4165 242 4231 fragm.
253 4161 316 4228 08³³,
329 4163 573 4227 Hieronymianam
583 4165 731 4214 Hateriani
744 4165 838 4230 ingeni
851 4164 1065 4229 descriptionem
1078 4164 1114 4214 ad
1123 4166 1286 4216 Pammaeh.

146 4246 175 4296 12
189 4260 253 4297 rom.
268 4248 294 4297 ll
308 4265 334 4314 p.
348 4246 398 4298 titt
411 4247 481 4298 Vall.
501 4247 547 4297 ubi
565 4248 637 4298 idem
650 4249 753 4299 dictum
766 4249 882 4315 Augusti
894 4249 995 4306 refert,
1015 4249 1093 4299 cuiue
1106 4235 1216 4300 Seneca
1227 4249 1287 4300 rhe-

143 4333 185 4380 tor
203 4333 339 4397 meminit,
358 4332 483 4384 scholion
501 4333 618 4397 denique
637 4333 670 4384 de
688 4333 755 4384 Vari
768 4332 889 4398 Thyeste
909 4349 926 4383 a
943 4332 1123 4395 Quicheratio
1142 4333 1170 4383 in
1189 4333 1286 4384 codice

143 4414 230 4468 Paris.
249 4417 317 4469 7530
333 4423 480 4484 repertam.

919 4549 927 4583 l
